=LDR  02468cam a2200349 a 4500
=001  6027
=008  110325s2009\\\\be\g\\\\\b\\\\001\0\eng\d
=020  \\$a9782503530154
=041  1\$aeng$hdut
=042  \\$alccopycat
=072  \7$aML$2lcco
=072  \7$aBX$2lcco
=100  \\$4edt$aMannaerts, Pieter$99642
=245  10$aBeghinae in cantu instructae:$bMusical Patrimony from Flemish Beguinages (Middle Ages-late 18th c.)
=246  \1$aBeghinæ in cantu instructæ
=260  \\$aTurnhout$bBrepols$c2009
=300  \\$a296 pages$billustrations, facsimiles, music$c23 cm
=490  1\$aCollection "Epitome musical"
=504  \\$aIncludes bibliographical references (p. 255-279) and index.
=505  0\$aI, Studies: Beguines, liturgy and music in the Middle Ages : an exploration / Walter Simons -- The Beguines of Bruges and the procession of the Holy Blood / Barbara Haggh -- Authenticity and invention : composition, distribution and origin of the offices for St. Begga / Pieter Mannaerts -- "Lustig om te zingen" : monophonic songs by and for Beguines in the southern Low Countries / Maartje De Wilde -- The Mechelen Ave verum corpus : simply polyphony for the Devotio moderna / Alexander Blachly -- Franciscus Krafft and the Leuven beguinage / Marie Cornaz -- Liturgical organ music and alternatim praxis in the beguinages of Lier and Turnhout / Peter Strauven -- II, Repertory of musical sources from Flemish beguinages: Introduction / Pieter Mannaerts & Els Vercammen -- Repertory / Els Vercammen -- Lifting the veil : musical beguinage sources in a European context / Pieter Mannaerts.
=648  \0$aMiddle Ages (500-1400)$1http://www.wikidata.org/entity/Q12554$920964
=648  \0$aRenaissance (1400-1600)$1http://www.wikidata.org/entity/Q4692$920965
=648  \0$a17th Century (1601-1700)$1http://www.wikidata.org/entity/Q7016$920923
=648  \0$a18th Century (1701-1800)$1http://www.wikidata.org/entity/Q7015$920899
=650  20$aCatholicism$1http://www.wikidata.org/entity/Q1841$921631
=650  20$aMusic history$1http://www.wikidata.org/entity/Q846047$921373
=650  20$aMonastery$926216
=650  20$aBegijnhof$1http://www.wikidata.org/entity/Q12816129$939293
=651  \0$aFlanders (Belgium)$1http://www.wikidata.org/entity/Q234$989
=942  \\$cBOO
=952  \\$00$10$2ddc$40$6TOP_BE_FLA_3_000000000000000$70$8TOP$96026$aORPH$bORPH$cKTS0$d2020-07-08$eKoopman$i37D03$l0$oTOP BE.FLA 3$p20120555$r2021-01-12 00:00:00$w2021-01-12$yBOO
=999  \\$d6027

