=LDR  00977aam a2200229   4500
=001  6028
=005  20250929114929.0
=008  250626s1986\\\\|||o||||\||||\00|\0\eng\d
=041  \\$aeng
=100  \\$aBlackwood, John$99643$4aut
=245  \\$aOxford's Gargoyles and Grotesques.$bA guided tour.
=260  \\$aOxford$bCharon$c1986
=300  \\$a44 pages
=650  \0$aArchitecture$1http://www.wikidata.org/entity/Q12271$93185
=650  \0$aIconography$1http://www.wikidata.org/entity/Q208145$921259
=650  \0$aSculpture$1http://www.wikidata.org/entity/Q860861$92483
=650  \0$aGargoyle$1http://www.wikidata.org/entity/Q215194$941402
=650  \0$aFace$1http://www.wikidata.org/entity/Q37017$941401
=651  \0$aOxford (United Kingdom)$1http://www.wikidata.org/entity/Q34217$922237
=942  \\$cBOO
=952  \\$00$10$2ddc$40$6TOP_GB_OXF$70$8TOP$96027$aORPH$bORPH$cKTS0$d2020-07-08$eKoopman$i22C21$l0$oTOP GB.OXF$p20125710$r2021-01-12 00:00:00$w2021-01-12$yBOO$OKoopman
=999  \\$d6028

