=LDR  00961cam a2200229 i 4500
=001  6029
=008  760825s1976\\\\-ukag\\\\b\\\\000\0\eng\\
=041  \\$aeng
=245  10$aEarly percussion instruments.$bFrom the Middle Ages to the Baroque
=260  \\$aLondon $bOxford University Press$c1976
=300  \\$aix-77 pages$bill., music $c21 cm.
=490  1\$aEarly Music Series$v2
=504  \\$aBibliography: p. 77.
=648  \0$aPast$1http://www.wikidata.org/entity/Q192630$922196
=648  \0$a18th Century (1701-1800)$1http://www.wikidata.org/entity/Q7015$920899
=650  \0$aPercussion$1http://www.wikidata.org/entity/Q1661583$92155
=650  \0$aMusic history$1http://www.wikidata.org/entity/Q846047$921373
=700  \\$aMontagu, Jeremy$4aut$99645
=700  \\$aBlades, James$4aut$99644
=942  \\$cBOO
=952  \\$00$10$2ddc$40$6INS_8A$70$8INS$96028$aORPH$bORPH$cKTS0$d2020-07-08$eKoopman$i24C82$oINS8a$p20128969$r2021-01-12 00:00:00$w2021-01-12$yBOO
=999  \\$d6029

