=LDR  00695    a2200193   4500
=001  6031
=008  210817t1970\\\\||||||||\||||\01|\0\ger\d
=020  \\$a3761800126
=041  \\$ager
=100  \\$aMahrenholz, Christhard$4dte$916026
=245  \\$aKerygma und Melos.$bChristhard Mahrenholz 70 Jahre
=260  \\$c1970$aKassel$bBärenreiter
=300  \\$a579 pages
=700  \\$4edt$aBlankenburg, Walter$99648
=700  \\$4edt$aSchade, Herwarth von$922038
=700  \\$4edt$aSchmidt-Klausen, Kurt$922039
=942  \\$cBOO
=952  \\$00$10$2ddc$40$6REF_4_000000000000000_MAHR$70$8REF$96030$aORPH$bORPH$cKM12_1$d2020-07-08$eKoopman$i30E17$oREF4 MAHR$p20123351$r2021-01-12 00:00:00$w2021-01-12$yBOO
=999  \\$d6031

