=LDR  01138aam a2200265   4500
=001  6033
=005  20250926134854.0
=008  210712e1962\\\\\\\g|nn|\||||\00|\0\ger\d
=040  \\$aMB
=041  \\$ager
=100  \\$4cmp$aBach, Johann Sebastian$d1685-1750$1http://www.wikidata.org/entity/Q1339$94766
=245  \\$aKritischer Bericht: Weihnachts-Oratorium
=260  \\$c1962$aGermany$bVEB Deutscher Verlag für Musik Leipzig
=300  \\$a345 pages$bmusic
=336  \\$aprinted
=490  \\$aNeue Ausgabe Sämtlicher Werke$vSerie II: 6
=648  \0$a18th Century (1701-1800)$1http://www.wikidata.org/entity/Q7015$920899
=650  \0$aChristmas$1http://www.wikidata.org/entity/Q19809$92122
=650  \0$aOratorio$1http://www.wikidata.org/entity/Q85477$91825
=651  \0$aGermany$1http://www.wikidata.org/entity/Q183$9155
=700  \\$4edt$aBlankenburg, Walter$99648
=700  \\$4edt$aDürr, Alfred$d1918-2011$1http://www.wikidata.org/entity/Q84411$910643
=942  \\$cSCO
=952  \\$00$10$2ddc$40$6SCO_BACH1$70$8SCO$96032$aORPH$bORPH$cKTS1_P$d2020-07-08$eKoopman$i29A01$l0$oSCO BACH1$p20123502$r2021-01-12 00:00:00$yTYPE_UNK
=999  \\$d6033

