=LDR  01152cam a22002771p 4500
=001  6034
=005  20250605143854.0
=008  771213s1975\\\\ne\a\\\\\b\\\\000\0bdut\\
=020  \\$a9027483345
=040  \\$aOI
=041  \\$adut
=100  \\$aBlankert, Albert$4aut$99651
=245  00$aJohannes Vermeer van Delft 1632-1675
=260  \\$aUtrecht$aAntwerp$bHet Spectrum$c1975
=300  \\$a206 pages$billustrations (some color)$c22 cm
=504  \\$aBibliography: p. 204-205.
=600  \0$aVermeer, Johannes$d1632-1675$1http://www.wikidata.org/entity/Q41264$99652
=648  \0$a17th Century (1601-1700)$1http://www.wikidata.org/entity/Q7016$920923
=650  \0$aPainter$1http://www.wikidata.org/entity/Q1028181$93914
=650  \0$aBiography$1http://www.wikidata.org/entity/Q36279$91927
=651  \0$aDelft (Netherlands)$1http://www.wikidata.org/entity/Q690$922800
=700  \\$aRuurs, Rob$99653$4ctb
=700  \\$aWatering, Willem L. van de$99654$4ctb
=942  \\$cBOO
=952  \\$00$10$2ddc$40$6BIO_VERM1_D$70$8BIO$96033$aORPH$bORPH$cKTS1_P$d2020-07-08$eKoopman$i18D35$l0$oBIO VERM1 d$p20125038$r2021-01-12 00:00:00$w2021-01-12$yBOO$OKoopman
=999  \\$d6034

