=LDR  01142aam a2200229   4500
=001  6036
=008  250218s1965\\\\||||||||\c|||\00|\0\ger\d
=041  \\$ager
=100  \\$aBlechschmidt, E. R.$99656$4aut
=245  \\$aDie Amalien-Bibliothek.$bMusikbibliothek der Prinzessin Anna Amalia von Preussen (1732-1787)
=260  \\$c1965$aBerlin$bMerseburger
=300  \\$a346 pages
=490  \\$aBerliner Studien zur Musikwissenschaft
=590  \\$aHistorische Einordnung und Katalog mit Hinweisen auf die Schreiber der Handschriften
=600  \0$aAnna Amalia von Preußen$cPrincess$d1723-1787$1http://www.wikidata.org/entity/Q237754$926759
=648  \0$a18th Century (1701-1800)$1http://www.wikidata.org/entity/Q7015$920899
=650  \0$aLibrary$1http://www.wikidata.org/entity/Q7075$94229
=650  \0$aMusic history$1http://www.wikidata.org/entity/Q846047$921373
=651  \0$aBerlin (Germany)$1http://www.wikidata.org/entity/Q64$948
=942  \\$cBOO
=952  \\$00$10$2ddc$40$6BIB_4_000000000000000_DE_BER$70$8BIB$96035$aORPH$bORPH$cKTS0$d2020-07-08$eKoopman$i23D01$l0$oBIB4 DE.BER$p20128619$r2021-01-12 00:00:00$w2021-01-12$yBOO$OKoopman
=999  \\$d6036

