=LDR  00394    a2200121   4500
=001  6037
=020  \\$a9789078381648
=100  \\$aBleker, O.$99657
=245  \\$aFerdinand Dejean (1731-1797)
=260  \\$c2013
=942  \\$cBOO
=952  \\$00$10$2ddc$40$6BIO_DEJE_D$70$8BIO$96036$aORPH$bORPH$cKTS1_P$d2020-07-08$eKoopman$i44G32$l0$oBIO DEJE d$p20126844$r2021-01-12 00:00:00$w2021-01-12$yBOO$OKoopman
=999  \\$c6037$d6037

