=LDR  01210aam a2200229   4500
=001  6038
=005  20251022141205.0
=100  \\$aBlin, Gilbert$99658$4ctb
=245  \\$aDrottningholms Slottsteater:$bProgram 2007
=260  \\$aDrottningholm$bStiftelsen Drottningholms Teatermuseum$c2007
=505  \\$gScenery and Stage Machinery for Psiché at Drottningholm in 1766 / Gilbert Blin
=610  \0$aDrottningholms slottsteater (Sweden)$1http://www.wikidata.org/entity/Q3058143$941647
=648  \0$a18th Century (1701-1800)$1http://www.wikidata.org/entity/Q7015$920899
=648  \0$a21st Century (2001-2100)$1http://www.wikidata.org/entity/Q6939$920812
=650  \0$aTheater$1http://www.wikidata.org/entity/Q24354$92225
=650  \0$aFestival book$1http://www.wikidata.org/entity/Q17590416$922319
=650  \0$aTechnology$1http://www.wikidata.org/entity/Q11016$921633
=650  \0$aStaging$1http://www.wikidata.org/entity/Q3508687$922118
=651  \0$aDrottningholm (Sweden)$1http://www.wikidata.org/entity/Q910007$941646
=942  \\$cBOO
=952  \\$00$10$2ddc$40$6TOP_SE_DRO$70$8TOP$96037$aORPH$bORPH$cKTS0$d2020-07-08$eKoopman$i44F23$l0$oTOP SE.DRO$p20126816$r2021-01-12 00:00:00$w2021-01-12$yBOO$OKoopman
=999  \\$d6038

