=LDR  01105aam a2200229   4500
=001  6039
=005  20251022140547.0
=008  251022s2011\\\\||||||||\||||\00|\0\eng\d
=041  \\$aeng
=100  \\$aBlin, Gilbert$99658$4ctb
=245  \\$aBoston Early Music Festival 2011:$bMetamorphoses, Change and Transformation
=260  \\$aBoston, MA$bBoston Early Music Festival$c2011
=500  \\$aContains an essay by Gilbert Blin about Steffani's 'Niobe'
=600  \0$aSteffani, Agostino$d1654-1728$1http://www.wikidata.org/entity/Q395725$914420
=648  \0$a21st Century (2001-2100)$1http://www.wikidata.org/entity/Q6939$920812
=650  \0$aEarly music$1http://www.wikidata.org/entity/Q436016$93160
=650  \0$aFestival book$1http://www.wikidata.org/entity/Q17590416$922319
=650  \0$aOpera$1http://www.wikidata.org/entity/Q1344 $92468
=651  \0$aBoston (MA, USA)$1http://www.wikidata.org/entity/Q100$921588
=942  \\$cBOO
=952  \\$00$10$2ddc$40$6TOP_US_BOS$70$8TOP$96038$aORPH$bORPH$cKTS0$d2020-07-08$eKoopman$i44F24$l0$oTOP US.BOS$p20126815$r2021-01-12 00:00:00$w2021-01-12$yBOO$OKoopman
=999  \\$d6039

