=LDR  01099aam a2200229   4500
=001  6040
=005  20251022140615.0
=008  251022s2013\\\\||||||||\||||\00|\0\eng\d
=041  \\$aeng
=100  \\$aBlin, Gilbert$99658$4ctb
=245  \\$aBoston Early Music Festival 2013:$bYouth, Genius and Folly
=260  \\$aBoston, MA$bBoston Early Music Festival$c2013
=500  \\$aContains an article by Gilbert Blin about Handel's 'Almira'
=600  \0$aHandel, George Frideric$d1685-1759$1http://www.wikidata.org/entity/Q7302$94765
=648  \0$a21st Century (2001-2100)$1http://www.wikidata.org/entity/Q6939$920812
=650  \0$aEarly music$1http://www.wikidata.org/entity/Q436016$93160
=650  \0$aFestival book$1http://www.wikidata.org/entity/Q17590416$922319
=650  \0$aOpera seria$1http://www.wikidata.org/entity/Q210675$925224
=651  \0$aBoston (MA, USA)$1http://www.wikidata.org/entity/Q100$921588
=942  \\$cBOO
=952  \\$00$10$2ddc$40$6TOP_US_BOS$70$8TOP$96039$aORPH$bORPH$cKTS0$d2020-07-08$eKoopman$i44F25$l0$oTOP US.BOS$p20126814$r2021-01-12 00:00:00$w2021-01-12$yBOO$OKoopman
=999  \\$d6040

