=LDR  01102aam a2200229   4500
=001  6042
=008  230529s1957\\\\|||g||||\b|||\00|\0\ger\d
=041  \\$ager
=100  1\$aBlindow, Martin$1http://www.wikidata.org/entity/Q95334441$4aut$99660
=245  \\$aDie Choralbegleitung des 18. Jahrhunderts in der evangelischen Kirche Deutschlands
=260  \\$c1957$aRegensburg$bBosse
=300  \\$axiii-182 pages
=490  \\$aKölner Beiträge zur Musikforschung$vXIII
=648  \0$1http://www.wikidata.org/entity/Q7015$a18th Century (1701-1800)$920899
=650  \0$1http://www.wikidata.org/entity/Q23540$aProtestantism$921012
=650  \0$1http://www.wikidata.org/entity/Q8812109$aChurch music$92283
=650  \0$1http://www.wikidata.org/entity/Q504514$aAccompaniment$92918
=650  \0$1http://www.wikidata.org/entity/Q1444$aOrgan$92810
=651  \0$1http://www.wikidata.org/entity/Q183$aGermany$9155
=942  \\$cBOO
=952  \\$00$10$2ddc$40$6TOP_DE_5_000000000000000$70$8TOP$96041$aORPH$bORPH$cKTS0$d2020-07-08$eKoopman$i38F32$l0$oTOP DE 5$p20122349$r2021-01-12 00:00:00$w2021-01-12$yBOO$OKoopman
=999  \\$d6042

