=LDR  00865aam a2200181   4500
=001  6046
=008  240126s1949\\\\||||||||\||||\00|\0bdut\d
=041  \\$adut
=100  \\$aBlok, Frans Felix$1http://www.wikidata.org/entity/Q112631760$4aut$99664
=245  \\$aNicolaas Heinsius in dienst van Christina van Zweden
=260  \\$aDelft$bUrsulapers$c1949
=600  \0$aHeinsius, Nicolaas$d1620-1681$1http://www.wikidata.org/entity/Q510116$99668
=600  \0$aChristina of Sweden$d1626-1689$1http://www.wikidata.org/entity/Q52937$921480
=648  \0$a17th Century (1601-1700)$1http://www.wikidata.org/entity/Q7016$920923
=650  \0$aWriter$1http://www.wikidata.org/entity/Q36180$93885
=942  \\$cBOO
=952  \\$00$10$2ddc$40$6BIO_HEIN_D$70$8BIO$96045$aORPH$bORPH$cKTS1_P$d2020-07-08$eKoopman$i30B15$oBIO HEIN d$p20123411$r2021-01-12 00:00:00$w2021-01-12$yBOO$OKoopman
=999  \\$d6046

