=LDR  01097aam a2200217   4500
=001  6047
=008  230414s1974\\\\||||||||\||||\00|\0\eng\d
=041  \\$aeng
=100  \\$aBlok, Frans Felix$1http://www.wikidata.org/entity/Q112631760$4aut$99664
=245  \\$aContributions to the History of Isaac Vossius's Library
=260  \\$aAmsterdam$aLondon$bNorth-Holland Publishing Company$c1974
=300  \\$a48 pages
=600  \0$1http://www.wikidata.org/entity/Q3112766$aVossius, Isaac$d1618-1689$97742
=610  20$aUniversiteitsbibliotheek Leiden (Netherlands)$1http://www.wikidata.org/entity/Q638395$926816
=648  \0$a17th Century (1601-1700)$1http://www.wikidata.org/entity/Q7016$920923
=650  \0$aHistory$1http://www.wikidata.org/entity/Q309$921403
=650  \0$aLibrary$1http://www.wikidata.org/entity/Q7075$94229
=651  \0$aLeiden (Netherlands)$1http://www.wikidata.org/entity/Q43631$978
=942  \\$cBOO
=952  \\$00$10$2ddc$40$6BIB_1_000000000000000_BLOK$70$8BIB$96046$aORPH$bORPH$cKTS0$d2020-07-08$eKoopman$l0$oBIB1 BLOK$p20120746$r2021-01-12 00:00:00$w2021-01-12$yBOO$OKoopman
=999  \\$d6047

