=LDR  01335cam a2200277 a 4500
=001  6048
=005  20250625105552.0
=008  870113s1984\\\\ne\\\\\\\b\\\\001\0bdut\\
=020  \\$a0444856072
=040  \\$aOI
=041  0\$adut$alat
=100  \\$aBlok, Frans Felix$1http://www.wikidata.org/entity/Q112631760$4aut$99664
=245  10$aNicolaas Heinsius in Napels (april-juli 1647)
=260  \\$aAmsterdam$aNew York$bNoord-Hollandsche Uitg. Mij.$c1984
=300  \\$a38 pages$c25 cm
=490  \\$aVerhandelingen der Koninklijke Nederlandse Akademie van Wetenschappen, Afd. Letterkunde, Nieuwe Reeks$v125
=504  \\$aIncludes bibliographical references and index.
=600  \0$aHeinsius, Nicolaas$d1620-1681$1http://www.wikidata.org/entity/Q510116$99668
=648  \0$a17th Century (1601-1700)$1http://www.wikidata.org/entity/Q7016$920923
=650  \0$aHumanism$1http://www.wikidata.org/entity/Q46158$92157
=650  \0$aWriter$1http://www.wikidata.org/entity/Q36180$93885
=651  \0$aNaples (Italy)$1http://www.wikidata.org/entity/Q2634$921
=700  \\$aHeinsius, Nicolaas$d1620-1681$1http://www.wikidata.org/entity/Q510116$4crp$99668
=942  \\$cBOO
=952  \\$00$10$2ddc$40$6BIO_HEIN_E$70$8BIO$96047$aORPH$bORPH$cKTS1_P$d2020-07-08$eKoopman$i35E21$oBIO HEIN e$p20122491$r2021-01-12 00:00:00$w2021-01-12$yBOO$OKoopman
=999  \\$d6048

