=LDR  01333nam a2200289 c 4500
=001  6049
=003  OI
=005  20250120120205.0
=008  110326s1999\\\\\\\a|||\\||||\00|||bdut\d
=020  \\$a9069801175
=040  \\$aOI
=041  0\$adut
=100  \\$aBlok, Frans Felix$1http://www.wikidata.org/entity/Q112631760$4aut$99664
=245  10$aIsaac Vossius en zijn kring:$bzijn leven tot zijn afscheid van koningin Christina van Zweden 1618-1655
=260  \\$aGroningen$bForsten$c1999
=300  \\$a534 pages$bIllustrations
=600  \0$aVossius, Isaac$d1618-1689$1http://www.wikidata.org/entity/Q3112766$97742
=600  \0$aChristina of Sweden$d1626-1689$1http://www.wikidata.org/entity/Q52937$921480
=648  \0$a17th Century (1601-1700)$1http://www.wikidata.org/entity/Q7016$920923
=650  \0$aHumanism$1http://www.wikidata.org/entity/Q46158$92157
=650  \0$aWriter$1http://www.wikidata.org/entity/Q36180$93885
=650  \0$aBiography$1http://www.wikidata.org/entity/Q36279$91927
=651  \0$aAmsterdam (Netherlands)$1http://www.wikidata.org/entity/Q727$9135
=651  \0$aSweden$1http://www.wikidata.org/entity/Q34$9275
=942  \\$cBOO
=952  \\$00$10$2ddc$40$6BIO_VOSS2_D$70$8BIO$96048$aORPH$bORPH$cKTS1_P$d2020-07-08$eKoopman$i38E21$oBIO VOSS2 d$p20120380$r2021-01-12 00:00:00$w2021-01-12$yBOO$OKoopman
=999  \\$d6049

