=LDR  00359    a2200109   4500
=001  6050
=100  \\$aBlokland, C.$99669
=245  \\$aWillem Sluiter 1627-1673
=260  \\$c1965
=942  \\$cBOO
=952  \\$00$10$2ddc$40$6BIO_SLUI_D$70$8BIO$96049$aORPH$bORPH$cKTS1_P$d2020-07-08$eKoopman$i35B19$oBIO SLUI d$p20120759$r2021-01-12 00:00:00$w2021-01-12$yBOO$OKoopman
=999  \\$c6050$d6050

