=LDR  00984cam a22002657i 4500
=001  6052
=005  20250120115946.0
=008  180309t20182018ne\af\\\\\\\\\000\0adut\\
=020  \\$a9789029524537 (paperback)
=020  \\$a9029524537 (paperback)
=040  \\$aOI$beng$erda
=100  \\$aBlom, Onno$4aut$99671
=245  10$aMemoires van een biograaf:$bin de voetsporen van Jan Wolkers
=250  \\$a3rd ed.
=260  \\$aAmsterdam$bArbeiderspers$c2018
=300  \\$a247 pages, 8 unnumbered pages of plates :$billustrations ;$c20 cm.
=336  \\$atext$btxt$2rdacontent
=337  \\$aunmediated$bn$2rdamedia
=338  \\$avolume$bnc$2rdacarrier
=490  1\$aPrivé-domein$v299
=600  \0$aWolkers, Jan$d1925-2007$99672
=651  \0$aNetherlands$1http://www.wikidata.org/entity/Q55$9173
=942  \\$cBOO
=952  \\$00$10$2ddc$40$6BIO_WOLK_A$70$8BIO$96051$aORPH$bORPH$cKTS1_P$d2020-07-08$eKoopman$i47D06$oBIO WOLK a$p20123707$r2021-01-12 00:00:00$w2021-01-12$yBOO$OKoopman
=999  \\$d6052

