=LDR  00811    a2200229   4500
=001  6053
=008  211222s2010\\\\\\\|||||\||||\00|\0\dut\d
=020  \\$a9789023458319
=041  \\$adut$heng
=100  \\$aBlom, Philipp$4aut$99674
=245  \\$aHet verdorven genootschap
=250  \\$a3rd ed.
=260  \\$aAmsterdam$bDe Bezige Bij$c2011
=300  \\$a444 pages
=534  \\$cBasic Books, New York, 2010
=648  \0$a18th Century (1701-1800)$1http://www.wikidata.org/entity/Q7015$920899
=650  \0$aEnlightenment$1http://www.wikidata.org/entity/Q12539$94532
=700  \\$4trl$aRuiter, Pon$923313
=765  \\$aThe Wicked Company
=942  \\$cBOO
=952  \\$00$10$2ddc$40$6HUM_BLOM$70$8HUM$96052$aORPH$bORPH$cKM12_1$d2020-07-08$eKoopman$i46D43$oHUM BLOM$p20127664$r2021-01-12 00:00:00$w2021-01-12$yBOO
=999  \\$d6053

