=LDR  01435cam a2200301 a 4500
=001  6055
=005  20250205110319.0
=008  900201s1987\\\\ne\agh\\\b\\\\000\0deng\\
=020  \\$a9090017704
=040  \\$aOI
=041  \\$aeng
=100  \\$aBlomhert, Bastiaan$4aut$925543
=245  14$aThe Harmoniemusik of Die Entführung aus dem Serail:$bstudy about its authenticity and critical edition
=260  \\$aThe Hague$bNijhoff$c1987
=300  \\$a432 pages$billustrations, music, facsimiles$c25 cm
=500  \\$aDoctoral dissertation, Utrecht, 1987
=504  \\$aIncludes bibliographical references.
=561  \\$aDedication by the author to Marie and Gustav Leonhardt
=600  \0$aMozart, Wolfgang Amadeus$d1756-1791$1http://www.wikidata.org/entity/Q254$95341
=648  \0$a18th Century (1701-1800)$1http://www.wikidata.org/entity/Q7015$920899
=650  \0$aOpera$1http://www.wikidata.org/entity/Q1344$92468
=650  \0$aWind orchestra$1http://www.wikidata.org/entity/Q881942$925544
=650  \0$aArrangement$1http://www.wikidata.org/entity/Q379755$94282
=651  \0$aVienna (Austria)$1http://www.wikidata.org/entity/Q1741$920937
=700  \2$aMozart, Wolfgang Amadeus$d1756-1791$4cmp$1http://www.wikidata.org/entity/Q254$95341
=942  \\$cBOO
=952  \\$00$10$2ddc$40$6BIO_MOZA1_E$70$8BIO$96054$aORPH$bORPH$cKTS1_P$d2020-07-08$eKoopman$i45C31$oBIO MOZA1 e$p20127332$r2021-01-12 00:00:00$w2021-01-12$yBOO$OKoopman
=999  \\$d6055

