=LDR  01242nam a2200277 a 4500
=001  6056
=005  20250121142120.0
=008  880729s1987\\\\ne\\\\\\\b\\\\001\0\dut\\
=020  \\$a9061943566
=040  \\$aOI
=041  0\$adut$beng
=100  \\$aBlommendaal, Jan Leopold Peter$d-1944$4aut$99679
=245  13$aDe zachte toon der herdersfluit:$bde pastorale poetica van Jan Baptista Wellekens, 1658-1726
=260  \\$aUtrecht$bHES$c1987
=300  \\$a261 pages$c23 cm
=500  \\$aDoctoral dissertation, Rijksuniversiteit, Utrecht, 1987
=504  \\$aBibliography: p. 239-249.
=600  \0$aWellekens, Jan Baptista$d1658-1726$1http://www.wikidata.org/entity/Q4106916$98139
=648  \0$a17th Century (1601-1700)$1http://www.wikidata.org/entity/Q7016$920923
=648  \0$a18th Century (1701-1800)$1http://www.wikidata.org/entity/Q7015$920899
=650  \0$aPoetry$1http://www.wikidata.org/entity/Q482$93026
=650  \0$aPastoral$1http://www.wikidata.org/entity/Q1472271$92271
=651  \0$aNetherlands$1http://www.wikidata.org/entity/Q55$9173
=942  \\$cBOO
=952  \\$00$10$2ddc$40$6BIO_WELL_E$70$8BIO$96055$aORPH$bORPH$cKTS1_P$d2020-07-08$eKoopman$i24F05$oBIO WELL e$p20125890$r2021-01-12 00:00:00$w2021-01-12$yBOO$OKoopman
=999  \\$d6056

