=LDR  01113cam a2200241 a 4500
=001  6057
=005  20250120120154.0
=008  930713s1993\\\\fr\abcf\\b\\\\001\0afre\\
=020  \\$a2870095031
=040  \\$aOI
=100  \\$aBlondeau, Auguste L.$d1784-1865?$99682
=245  10$aVoyage d'un musicien en Italie, 1809-1812 /$cAuguste-Louis Blondeau. Précédé des Observations sur les théâtres italiens / restitués, annotés et présentés par Joël-Marie Fauquet.
=260  \\$aLiège :$bMardaga,$cc1993.
=300  \\$a491 p. :$bill., map, ports., pls. ;$c23 cm.
=504  \\$aIncludes bibliographical references (p. [461]-465) and indexes.
=600  \0$aBlondeau, Auguste L.$d1784-1865?$99682
=650  \0$aComposer$1http://www.wikidata.org/entity/Q36834$93625
=700  \\$aFauquet, Joël-Marie$99683
=942  \\$cBOO
=952  \\$00$10$2ddc$40$6BIO_BLON_D$70$8BIO$96056$aORPH$bORPH$cKTS1_P$d2020-07-08$eKoopman$i21B18$oBIO BLON d$p20128363$r2021-01-12 00:00:00$w2021-01-12$yBOO$OKoopman
=999  \\$c6057$d6057
=490  \\$aCollection Musique, musicologie
=651  \0$aFrance$1http://www.wikidata.org/entity/Q142$9131

