=LDR  01432ccm a22003134a 4500
=001  6058
=005  20250120115955.0
=008  030114m19532002enkana\\\\\\\\\n\\\\eng\\
=020  \\$a0852494882 (v. 2)
=020  \\$a0852498144 (v. 3)
=020  \\$a0852498713 (v. 4)
=024  2\$aM220220340 (v. 4)
=040  \\$aOI
=041  \\$aeng
=100  \\$aBlow, John$d1649-1708$4cmp$1http://www.wikidata.org/entity/Q311110$99684
=245  00$aAnthems
=260  \\$aLondon$bStainer and Bell$c1953-2002
=300  \\$a4 vols.$billustrations$c33 cm
=490  \\$aMusica Britannica
=505  0\$a[1] Coronation anthems ; Anthems with strings / edited by Anthony Lewis & Harold Watkins Shaw -- 2. Anthems with orchestra / edited by Bruce Wood -- 3. Anthems with strings / transcribed and edited by Bruce Wood -- 4. Anthems with instruments / transcribed and edited by Bruce Wood.
=648  \0$a17th Century (1601-1700)$1http://www.wikidata.org/entity/Q7016$920923
=650  \0$aAnthem$1http://www.wikidata.org/entity/Q541947$92161
=651  \0$aUnited Kingdom$1http://www.wikidata.org/entity/Q21$9273
=700  \\$aLewis, Anthony$d1915-1983$4edt$99685
=700  \\$aShaw, Watkins$d1911-1996$4edt$99686
=700  \\$aWood, Bruce$d1945-2023$4edt$99687
=942  \\$cSCO
=952  \\$00$10$2ddc$40$6SCO_BLOW$70$8SCO$96057$aORPH$bORPH$cKTS1_P$d2020-07-08$eKoopman$l0$oSCO BLOW$p20121621$r2021-01-12 00:00:00$w2021-01-12$ySCO$OW.0992-L
=999  \\$d6058

