=LDR  00364    a2200109   4500
=001  6062
=100  \\$aBlum, L.$99691
=245  \\$aMartin Schongauer 1453?-1491
=260  \\$cs.d.
=942  \\$cBOO
=952  \\$00$10$2ddc$40$6BIO_SCHO4_D$70$8BIO$96061$aORPH$bORPH$cKTS1_P$d2020-07-08$eKoopman$i24E51$l0$oBIO SCHO4 d$p20125899$r2021-01-12 00:00:00$w2021-01-12$yBOO$OKoopman
=999  \\$c6062$d6062

