=LDR  02939aam a2200541   4500
=001  6064
=003  OI
=005  20250926134854.0
=008  210209s1931\\\\\\\|||||\||||\00|\0\ger\d
=040  \\$cOI
=041  \\$ager
=100  \\$aBlume, Friedrich$d1893-1975$4aut$918700
=245  \\$aDie Evangelische Kirchenmusik
=250  \\$a1st ed.
=260  \\$aPotsdam$bAthenaion$c1931
=300  \\$a171 pages
=490  \\$aHandbuch der Musikwissenschaft
=504  \\$aIncludes a register of names and topics
=600  \0$aLuther, Martin$d1483-1546$1http://www.wikidata.org/entity/Q9554$94999
=600  \0$aWalter, Johann$d1496-1570$1http://www.wikidata.org/entity/Q61716$97241
=600  \0$aLobwasser, Ambrosius$d1515-1585$1http://www.wikidata.org/entity/Q73956$95226
=600  \0$aSchein, Johann Hermann$d1586-1630$1http://www.wikidata.org/entity/Q57827$921808
=600  \0$aScheidt, Samuel$d1587-1654$1http://www.wikidata.org/entity/Q169291$96474
=600  \0$aPraetorius, Michael$d1571-1621$1http://www.wikidata.org/entity/Q108278$97239
=600  \0$aSchütz, Heinrich$d1585-1672$1http://www.wikidata.org/entity/Q153643$97240
=600  \0$aBuxtehude, Dietrich$d1637-1707$1http://www.wikidata.org/entity/Q153637$910062
=600  \0$aPachelbel, Johann$d1653-1706$1http://www.wikidata.org/entity/Q76485$913127
=600  \0$aBach, Johann Sebastian$d1685-1750$1http://www.wikidata.org/entity/Q1339$94766
=648  \0$a16th Century (1501-1600)$1http://www.wikidata.org/entity/Q7017$920944
=648  \0$a17th Century (1601-1700)$1http://www.wikidata.org/entity/Q7016$920923
=648  \0$a18th Century (1701-1800)$1http://www.wikidata.org/entity/Q7015$920899
=650  \0$aChurch music$1http://www.wikidata.org/entity/Q8812109$1http://www.wikidata.org/entity/Q1065742$92283
=650  \0$aLutheranism$1http://www.wikidata.org/entity/Q75809$923975
=650  \0$aCalvinism$1http://www.wikidata.org/entity/Q101849$923719
=650  \0$aReformation$1http://www.wikidata.org/entity/Q12562$93641
=650  \0$aPietism$1http://www.wikidata.org/entity/Q193664$923132
=650  \0$aMass$1http://www.wikidata.org/entity/Q217295$92735
=650  \0$aCongregational singing$1http://www.wikidata.org/entity/Q5160756$923780
=650  \0$aPsalm$1http://www.wikidata.org/entity/Q12497663$92164
=650  \0$aPassion$1http://www.wikidata.org/entity/Q781815$92006
=650  \0$aSong$1http://www.wikidata.org/entity/Q7366$94164
=650  \0$aChorale$1http://www.wikidata.org/entity/Q724473$921334
=650  \0$aCantata$1http://www.wikidata.org/entity/Q174873$921603
=650  \0$aMusic history$1http://www.wikidata.org/entity/Q846047$921373
=856  \\$3Internet Archive$uhttps://archive.org/details/in.ernet.dli.2015.167891
=942  \\$cBOO
=952  \\$00$10$2ddc$40$6GEN_3_000000000000000$70$8GEN$96063$aORPH$bORPH$cKM12_1$d2020-07-08$eKoopman$g39.00$i22A16$l0$oGEN3$p20125617$r2021-01-12 00:00:00$w2021-01-12$yBOO
=999  \\$d6064

