=LDR  01139cam a2200241u  4500
=001  6065
=005  20250926134854.0
=008  840604s1963\\\\gw\cg\\\\\\\\\000\0\ger\\
=040  \\$aOI
=041  \\$ager
=100  \\$aBlume, Friedrich$d1893-1975$4aut$918700
=245  \\$aSyntagma Musicologicum.$bGesammelte Reden und Schriften
=260  \\$aKassel$bBärenreiter$c1963$c1973
=300  \\$a2 voumes (904+406 pages)
=600  \0$aBach, Johann Sebastian$d1685-1750$1http://www.wikidata.org/entity/Q1339$94766
=648  \0$a20th Century (1901-2000)$1http://www.wikidata.org/entity/Q6927$920936
=650  \0$aMusicology$1http://www.wikidata.org/entity/Q164204$93925
=651  \0$aGermany$1http://www.wikidata.org/entity/Q183$9155
=700  \\$aRuhnke, Martin$d1921-2004$4edt$914685
=942  \\$cBOO
=952  \\$00$10$2ddc$3II$40$6TRE_BLUM$70$8TRE$96062$aORPH$bORPH$cKTS1_H$d2020-07-08$eKoopman$i21E16$l1$oTRE BLUM$p20125413$r2025-02-25 12:53:55$s2025-02-17$w2021-01-12$yBOO
=952  \\$00$10$2ddc$3I$40$6TRE_BLUM$70$8TRE$96064$aORPH$bORPH$cKTS1_H$d2020-07-08$eKoopman$i35E24$l0$oTRE BLUM$p20122488$r2021-01-12 00:00:00$w2021-01-12$yBOO
=999  \\$d6065

