=LDR  01084aam a2200253   4500
=001  6066
=003  OI
=005  20250219090933.0
=008  250219s1925\\\\||||||||\||||\00|\0\ger\d
=040  \\$cOI
=041  \\$ager
=100  \\$aBlume, Friedrich$d1893-1975$4aut$918700
=245  \\$aStudien zur Vorgeschichte der Orchestersuite im 15. und 16. Jahrhundert
=260  \\$aLeipzig$bKistner$bSiegel$c1925
=300  \\$a151-iv5-8 pages$bmusic examples
=561  \\$aAutograph dedication from the author
=648  \0$a15th Century (1401-1500)$1http://www.wikidata.org/entity/Q7018$921015
=648  \0$a16th Century (1501-1600)$1http://www.wikidata.org/entity/Q7017$920944
=650  \0$aMusic history$1http://www.wikidata.org/entity/Q846047$921373
=650  \0$aOrchestral music$1http://www.wikidata.org/entity/Q3328774$924356
=650  \0$aSuite$1http://www.wikidata.org/entity/Q203005$921718
=942  \\$cBOO
=952  \\$00$10$2ddc$40$6GEN_15_000000000000000$70$8GEN$96065$aORPH$bORPH$cKM12_1$d2020-07-08$eKoopman$i44E47$l0$oGEN15$p20126550$r2021-01-12 00:00:00$w2021-01-12$yBOO
=999  \\$d6066

