=LDR  01273cam a2200265   4500
=001  6072
=008  740927s1974\\\\enka\\\\\b\\\\001\0deng\\
=041  \\$aeng
=100  1\$aBoalch, Donald H.$4aut
=245  10$aMakers of the Harpsichord and Clavichord. 1440-1840
=250  \\$aSecond Edition
=260  \\$aOxford$bClarendon Press$c1974
=300  \\$axxi-225 pages$billustrations$c28 cm
=504  \\$aBibliography: p. [211]-221.
=648  \0$a15th Century (1401-1500)$1http://www.wikidata.org/entity/Q7018$921015
=648  \0$a16th Century (1501-1600)$1http://www.wikidata.org/entity/Q7017$920944
=648  \0$a17th Century (1601-1700)$1http://www.wikidata.org/entity/Q7016$920923
=648  \0$a18th Century (1701-1800)$1http://www.wikidata.org/entity/Q7015$920899
=648  \0$a19th Century (1801-1900)$1http://www.wikidata.org/entity/Q6955$920935
=650  \0$aHarpsichord$1http://www.wikidata.org/entity/Q81982$92125
=650  \0$aClavichord$1http://www.wikidata.org/entity/Q191823$92126
=650  \0$aOrganology$1http://www.wikidata.org/entity/Q899293$921400
=942  \\$cBOO
=952  \\$00$10$2ddc$40$6INS_3_000000000000000_2B$70$8INS$96071$aORPH$bORPH$cKTS0$d2020-07-08$eKoopman$i19A09-1$l0$oINS3.2b$p20125168$r2021-01-12 00:00:00$w2021-01-12$yBOO$OKoopman
=999  \\$d6072

