=LDR  01483pam a2200301 a 4500
=001  6073
=008  950519s1995\\\\enk\\\\\\b\\\\000\0deng\\
=041  \\$aeng
=100  \\$aBoalch, Donald H.$4aut$99700
=245  10$aMakers of the Harpsichord and Clavichord. 1440-1840
=250  \\$aThird Edition
=260  \\$aOxford$bClarendon$c1995
=300  \\$axxxii-788 pages$c25 cm
=504  \\$aIncludes bibliographical references (p. [749]-780).
=590  \\$aEdited by Charles Mould ; with an index of technical terms in seven languages by Andreas H. Roth.
=648  \0$a15th Century (1401-1500)$1http://www.wikidata.org/entity/Q7018$921015
=648  \0$a16th Century (1501-1600)$1http://www.wikidata.org/entity/Q7017$920944
=648  \0$a17th Century (1601-1700)$1http://www.wikidata.org/entity/Q7016$920923
=648  \0$a18th Century (1701-1800)$1http://www.wikidata.org/entity/Q7015$920899
=648  \0$a19th Century (1801-1900)$1http://www.wikidata.org/entity/Q6955$920935
=650  \0$aHarpsichord$1http://www.wikidata.org/entity/Q81982$92125
=650  \0$aClavichord$1http://www.wikidata.org/entity/Q191823$92126
=650  \0$aOrganology$1http://www.wikidata.org/entity/Q899293$921400
=700  \\$aMould, Charles$4edt$99701
=700  \\$aRoth, Andreas H.$4ctb$99702
=942  \\$cBOO
=952  \\$00$10$2ddc$40$6INS_3_000000000000000_2B$70$8INS$96072$aORPH$bORPH$cKTS0$d2020-07-08$eKoopman$i19A09-2$l0$oINS3.2b$p20125167$r2021-01-12 00:00:00$w2021-01-12$yBOO$OKoopman
=999  \\$d6073

