=LDR  00880acm a2200205   4500
=001  6074
=008  250520r19871781|||||a||\||||\00|\0\mul\d
=041  \\$aita$aeng
=100  \\$aBoccherini, Luigi$d1743-1805$4cmp$1http://www.wikidata.org/entity/Q189766$96155
=245  \\$aStabat Mater
=260  \\$c1987$aPadua$bZanibon
=300  \\$a[ix]-116 pages
=648  \0$a18th Century (1701-1800)$1http://www.wikidata.org/entity/Q7015$920899
=650  \0$aStabat Mater$1http://www.wikidata.org/entity/Q210080$93713
=650  \0$aSoprano$1http://www.wikidata.org/entity/Q30903$922885
=650  \0$aString quintet$1http://www.wikidata.org/entity/Q937364$94575
=700  1\$aPais, Aldo$4edt$4win$940237
=942  \\$cSCO
=952  \\$00$10$2ddc$40$6SCO_S_BOCC$70$8SCO$96073$aORPH$bORPH$cKTS1_H$d2020-07-08$eKoopman$iW659$l0$oSCO S BOCC$p20121649$r2021-01-12 00:00:00$w2021-01-12$ySCO$OW.0659
=999  \\$d6074

