=LDR  02644cam a2200313 a 4500
=001  6076
=005  20250820130328.0
=008  061027s2005\\\\gw\ag\\\\\\\\\100\0\ger\d
=020  \\$a3980620867
=020  \\$a9783980620864
=035  \\$a(OCoLC)ocn166352034
=035  \\$a(OCoLC)166352034
=040  \\$aOI
=041  \\$ager
=042  \\$alccopycat
=043  \\$ae-gx---
=110  \\$aHeinrich-Schütz-Gedenkstätte$91233
=245  10$aBeiträge der Kolloquien 2002-2003
=260  \\$aBad Köstritz$bForschungs- und Gedenkstätte im Geburtshaus des Komponisten, Heinrich-Schütz-Haus$c2005
=300  \\$a256 pages$bill., music$c21 cm
=490  \\$aBeiträge zur musikalischen Quellenforschung$v6
=505  0\$aDer Schütz-Schüler Jonas de Fletin (1610-1665) im Thüringer Umfeld der Bache / Eberhard Möller -- Der grösste Organist, den ich jemals gehört : Gottfried August Homilius im Spiegel einer wenig bekannten Sammelhandschrift / Uwe Wolf -- Festmusik als Gebrauchsmusik --Gebrauchsmusik als Festmusik : G.H. Stölzels Kantate zum kaiserlichen Wahl- und Inthronisationsfest 1745 als historisches Dokument / Joachim Gresch -- "Bildung und Bildchen--Heinrich Schütz, die Musik und das Liebig-Bild", oder, Liebig-Sammelbilder als Quelle für die Musikwissenschaft / Friederike Böcher -- Modernität in der Geistlichen Chormusik von Heinrich Schütz / Uwe Wolf -- Der Heinrich-Schütz-Kreis in Dresden (1935-1937)  : ein Beitrag zur Schütz-Renaissance in der ersten Hälfte des 20. Jahrhunderts / Dietmar Krause -- Das Madrigalbuch von Christoph Klemsee / Jens Marggraf -- Paul Fleming und die Musik / Eberhard Möller -- Die Carmina zur Einweihung der Silbermann-Orgeln als bislang unbeachtete Quelle für die Kirchenkantate des Barock / Klaus Langrock -- Vom accompagnirten und vollstimmigen Recitativ : mehrstimmige Rezitative in G.H. Stoelzels Weihnachtsoratorium (1728) / Christian Ahrens -- Adorf--die Wiege des Klavierbaus im sächsischen Vogtland? / Albin Buchholz -- Roben : aus dem alltäglichen Musikleben eines kleinen thüringischen Dorfes ohne Adjuvantenchor vom 16. bis beginnende 19. Jahrhundert / Udo Hagner.
=600  \0$aSchütz, Heinrich$d1585-1672$1http://www.wikidata.org/entity/Q153643$97240
=648  \0$a17th Century (1601-1700)$1http://www.wikidata.org/entity/Q7016$920923
=650  \0$aMusic history$1http://www.wikidata.org/entity/Q846047$921373
=651  \0$aGermany$1http://www.wikidata.org/entity/Q183$9155
=942  \\$cBOO
=952  \\$00$10$2ddc$40$6BIO_SCHU5_E$70$8BIO$96075$aORPH$bORPH$cKTS1_P$d2020-07-08$eKoopman$i42C03_06$oBIO SCHU5 e$p20122069$r2021-01-12 00:00:00$w2021-01-12$yBOO
=999  \\$d6076

