=LDR  00859aam a2200205   4500
=001  6078
=008  250819s1947\\\\||||||||\||||\00|\d\fre\d
=041  \\$afre
=100  \\$aBodel, J.$99707$4edt
=245  \\$aLe Jeu de Saint Nicolas
=260  \\$aParis$bChampion$c1925
=490  \\$aClassiques français du moyen âge$v48
=648  \0$aMiddle Ages (500-1400)$1http://www.wikidata.org/entity/Q12554$920964
=650  \0$aPlay (theater)$1http://www.wikidata.org/entity/Q25379$921414
=650  \0$aSaint$1http://www.wikidata.org/entity/Q43115$93374
=650  \0$aCatholicism$1http://www.wikidata.org/entity/Q1841$921631
=651  \0$aFrance$1http://www.wikidata.org/entity/Q142$9131
=942  \\$cBOO
=952  \\$00$10$2ddc$40$6LIT_BODE_A$70$8LIT$96077$aORPH$bORPH$cKM12_2_H$d2020-07-08$eKoopman$i43D13$oLIT BODE a$p20126521$r2021-01-12 00:00:00$w2021-01-12$yBOO
=999  \\$d6078

