=LDR  01019aam a2200241   4500
=001  6079
=005  20251103124735.0
=008  211029b\\\\\\\\||||||||\||||\00|\0\###\d
=041  \\$ager
=100  \\$aBodky, Erwin$d1896-1958$4aut$99708
=245  \\$aDer Vortrag alter Klaviermusik
=250  \\$a[1st ed.]
=260  \\$aBerlin$bHesse$c1932
=300  \\$a112 pages
=561  \\$aEx Libris Ton Koopman
=648  \0$a17th Century (1601-1700)$1http://www.wikidata.org/entity/Q7016$920923
=648  \0$a18th Century (1701-1800)$1http://www.wikidata.org/entity/Q7015$920899
=650  \0$aKeyboard music$1http://www.wikidata.org/entity/Q105715630$921412
=650  \0$aMusical interpretation$1http://www.wikidata.org/entity/Q1668139$94533
=650  \0$aHistorically informed performance$1http://www.wikidata.org/entity/Q1344860$920980
=942  \\$cBOO
=952  \\$00$10$2ddc$40$6INS_3_000000000000000_2D$70$8INS$96078$aORPH$bORPH$cKTS0$d2020-07-08$eKoopman$i43E18$oINS3.2d$p20127139$r2021-01-12 00:00:00$w2021-01-12$yBOO
=999  \\$d6079

