=LDR  01334cam a22002774a 4500
=001  6080
=005  20250120120322.0
=008  040220s2003\\\\gw\a\\\\\bc\\l000\0dger\\
=020  \\$a3931878171
=040  \\$aOI
=245  00$aBeethoven und andere Wunderkinder :$bwissenschaftliche Beiträge und Katalog zur Ausstellung /$cherausgegeben von Ingrid Bodsch in Zusammenarbeit mit Otto Biba und Ingrid Fuchs ; mit Beiträgen von Otto Biba ... [et al.].
=260  \\$aBonn :$bStadtMuseum Bonn,$c2003.
=300  \\$a288 p. :$bill. (some col.) ;$c26 cm.
=504  \\$aIncludes bibliographical references.
=650  \0$aChild$1http://www.wikidata.org/entity/Q7569$92175
=650  \0$aChild$1http://www.wikidata.org/entity/Q7569$92175
=600  \0$aBeethoven, Ludwig van$d1770-1827$1http://www.wikidata.org/entity/Q255$95335
=700  \\$aBodsch, Ingrid$99710
=700  \\$aBiba, Otto$d1946-$1http://www.wikidata.org/entity/Q2038263$918196
=700  \\$aFuchs, Ingrid$99711
=710  \\$aStadtmuseum Bonn (Germany)$91234
=710  \\$aGesellschaft der Musikfreunde (Vienna, Austria)$91235
=710  \\$aErnst-Moritz-Arndt-Haus (Bonn, Germany)$91236
=942  \\$cBOO
=952  \\$00$10$2ddc$40$6BIO_BEET_E$70$8BIO$96079$aORPH$bORPH$cKTS1_P$d2020-07-08$eKoopman$i41F09$oBIO BEET e$p20120117$r2021-01-12 00:00:00$w2021-01-12$yBOO
=999  \\$c6080$d6080

