=LDR  00929aam a2200205   4500
=001  6082
=005  20250925143257.0
=008  240514s1998\\\\||||||||\||||\00|\0\dut\d
=041  \\$adut
=100  \\$aBoehmer, Konrad$d1941-2014$1http://www.wikidata.org/entity/Q382893$4aut$917114
=245  \\$aIs er nog toekomst voor de Nederlandse muziek?
=260  \\$aHilversum$bCentrum Nederlandse Muziek$c1998
=490  \\$aJan van Gilse-lezing
=648  \0$a20th Century (1901-2000)$1http://www.wikidata.org/entity/Q6927$920936
=648  \0$aFuture$1http://www.wikidata.org/entity/Q344$926356
=650  \0$aMusic criticism$1http://www.wikidata.org/entity/Q11748889$921598
=651  \0$aNetherlands$1http://www.wikidata.org/entity/Q55$9173
=942  \\$cBOO
=952  \\$00$10$2ddc$40$6TOP_NL_7_000000000000000$70$8TOP$96081$aORPH$bORPH$cKTS0$d2020-07-08$eKoopman$i22D41$l0$oTOP NL 7$p20128437$r2021-01-12 00:00:00$w2021-01-12$yBOO$OKoopman
=999  \\$d6082

