=LDR  01192    a2200253   4500
=001  6083
=008  210831s1921\\\\||||||||\||||\00|\0\ger\d
=041  \\$ager
=100  \\$aBoehn, Max von$4aut$99714
=245  \\$aDas Bühnenkostum in Altertum, Mittelalter und Neuzeit
=260  \\$aBerlin$bCassirer$c1921
=300  \\$a496 pages
=561  \\$aEx libris Wasmuth Antiquariat, Berlin-Charlottenburg (plate)
=590  \\$aMit 325 Abbildungen
=648  \0$aMiddle Ages (500-1400)$1http://www.wikidata.org/entity/Q12554$920964
=648  \0$aRenaissance (1400-1600)$1http://www.wikidata.org/entity/Q4692$920965
=648  \0$a17th Century (1601-1700)$1http://www.wikidata.org/entity/Q7016$920923
=648  \0$a18th Century (1701-1800)$1http://www.wikidata.org/entity/Q7015$920899
=648  \0$a19th Century (1801-1900)$1http://www.wikidata.org/entity/Q6955$920935
=650  \0$aCostume$1http://www.wikidata.org/entity/Q1410477$922116
=650  \0$aTheater history$1http://www.wikidata.org/entity/Q1061140$94607
=942  \\$cBOO
=952  \\$00$10$2ddc$40$6LIT_BOEH_A$70$8LIT$96082$aORPH$bORPH$cKM12_2_H$d2020-07-08$eKoopman$i33C30$oLIT BOEH a$p20122995$r2021-01-12 00:00:00$w2021-01-12$yBOO
=999  \\$d6083

