=LDR  00857    a2200205   4500
=001  6084
=008  221017s1980\\\\nl\f||||\||||\00|\0\dut\d
=020  \\$a9070191210
=041  \\$adut
=245  \\$aOrgels in Amsterdam 1.$bRooms-Katholieke en Oud-Katholieke kerken en instellingen
=260  \\$c1980$aAmsterdam$bAnnie Bank b.v.
=300  \\$a102 pages
=650  \0$aOrgan$1http://www.wikidata.org/entity/Q1444$92810
=650  \0$aOrganology$1http://www.wikidata.org/entity/Q899293$921400
=651  \0$aAmsterdam (Netherlands)$1http://www.wikidata.org/entity/Q727$9135
=700  \\$4edt$aBoer, Cor$99715
=700  \\$4pht$aProeskie, Theo$925186
=942  \\$cBOO
=952  \\$00$10$2ddc$40$6INS_3_000000000000000_1A_NL_AMS$70$8INS$96083$aORPH$bORPH$cKTS0$d2020-07-08$eKoopman$i24G04$l0$oINS3.1a NL.AMS$p20125830$r2021-01-12 00:00:00$w2021-01-12$yBOO$OKoopman
=999  \\$d6084

