=LDR  01182aam a2200217   4500
=001  6085
=008  250602s2012\\\\||||||||\||||\00|\0d\\\\d
=100  \\$aBöer, R.$99716$4edt
=245  \\$aMozart:$bDie Zauberflöte
=260  \\$aMilan$bReiniger$bSIAE$bElecta$bMusicom$c2012
=500  \\$aContributions R. Böer, P. Gossett, E. Senici, D. Buch, F. Fornoni, R. Meucci, A. Basso, S. Balloni, C. Sisi, and F. Galluzzi
=600  \0$aMozart, Wolfgang Amadeus$d1756-1791$1http://www.wikidata.org/entity/Q254$95341
=600  \0$aSchikaneder, Emanuel$d1751-1812$1http://www.wikidata.org/entity/Q213547$95751
=600  \0$aKentridge, William$d1955-$1http://www.wikidata.org/entity/Q666092$940281
=648  \0$a18th Century (1701-1800)$1http://www.wikidata.org/entity/Q7015$920899
=650  \0$aSingspiel$1http://www.wikidata.org/entity/Q377258$921709
=650  \0$aZauberflöte$1http://www.wikidata.org/entity/Q5064$940279
=651  \0$aVienna (Austria)$1http://www.wikidata.org/entity/Q1741$920937
=942  \\$cBOO
=952  \\$00$10$2ddc$40$6BIO_MOZA1_E$70$8BIO$96084$aORPH$bORPH$cKTS1_P$d2020-07-08$eKoopman$i43C01$oBIO MOZA1 e$p20127208$r2021-01-12 00:00:00$w2021-01-12$yBOO$OKoopman
=999  \\$d6085

