=LDR  01189cam a2200289 i 4500
=001  6086
=005  20251003085456.0
=008  810304s1979\\\\ne\\\\\\\bc\\f001\0\dut\\
=015  \\$aNe79-46
=020  \\$a9012026229
=020  \\$a9012026318 (pbk.)
=040  \\$aOI
=041  \\$adut
=100  \\$4edt$aBoeren, P. C.$d1909-1994$99717
=245  10$aCatalogus van de handschriften van het Rijksmuseum Meermanno-Westreenianum
=260  \\$aThe Hague$bStaatsuitgeverij$c1979
=300  \\$axx, 261 p. ;$c25 cm.
=504  \\$aBibliography: p. xvii-xx.
=590  \\$asamengesteld door P.C. Boeren
=610  \0$aMuseum Meermanno (The Hague, Netherlands)$1http://www.wikidata.org/entity/Q2754878$91237
=650  \0$aLibrary$1http://www.wikidata.org/entity/Q7075$94229
=650  \0$aCatalogue$1http://www.wikidata.org/entity/Q2352616$921484
=650  \0$aBibliography$1http://www.wikidata.org/entity/Q134995$93965
=651  \0$aNetherlands$1http://www.wikidata.org/entity/Q55$9173
=942  \\$cBOO
=952  \\$00$10$2ddc$40$6BIB_4_000000000000000_NL_HAG$70$8BIB$96085$aORPH$bORPH$cKTS0$d2020-07-08$eKoopman$i30D14$l0$oBIB 4 NL.HAG$p20121190$r2021-01-12 00:00:00$w2021-01-12$yBOO
=999  \\$c6086$d6086

