=LDR  01065aam a2200205   4500
=001  6090
=008  250218s1913\\\\|||a||||\c|||\00|\0\ger\d
=041  \\$ager
=100  \\$aBoerner, C. G.$99725
=245  \\$aKatalog einer wertvollen Bibliothek von Musikbüchern des XV. bis XVIII. Jahrhunderts
=260  \\$c1913$aLeipzig$bBoerner
=300  \\$a140 pages
=561  \\$awith a printed notice from Leo Liepmannssohn on it, who offers his services, as he will be attending the auction in person (on title page). 
=590  \\$aAuktion CXIV Kostbare Musik-Bücher Versteigerung in Leipzig bei C.G. Boerner, Mittwoch den 2. und Donnerstag den 3. April 1913
=650  \0$aAuction$1http://www.wikidata.org/entity/Q177923$93849
=650  \0$aCollecting$1http://www.wikidata.org/entity/Q208165$92117
=650  \0$aLibrary$1http://www.wikidata.org/entity/Q7075$94229
=942  \\$cBOO
=952  \\$00$10$2ddc$40$6BIB_4_000000000000000_DE_LEI$70$8BIB$96089$aORPH$bORPH$cKTS0$d2020-07-08$eKoopman$i25E03$l0$oBIB4 DE.LEI$p20129342$r2021-01-12 00:00:00$w2021-01-12$yBOO$OKoopman
=999  \\$d6090

