=LDR  00962cam a22002414a 4500
=001  6093
=005  20250120120512.0
=008  080506s2007\\\\ne\a\\\\\b\\\\001\0\dut\\
=020  \\$a9789065509758
=040  \\$aOI
=100  \\$aBoers, Onno$99727$4aut
=245  13$aDe gevelstenen van Amsterdam
=260  \\$aHilversum$bVerloren$c2007
=300  \\$a296 pages$billustrations (some color)$c29 cm
=504  \\$aIncludes bibliographical references (p. 52) and indexes.
=590  \\$aOnno W. Boers ; fotografie: Pancras van der Vlist.
=650  \0$aArchitecture$1http://www.wikidata.org/entity/Q12271$93185
=650  \0$aOrnamentation$1http://www.wikidata.org/entity/Q739589$922524
=651  \0$aAmsterdam (Netherlands)$9189
=700  \\$4pht$925660$aVlist, Pancras van der
=942  \\$cBOO
=952  \\$00$10$2ddc$40$6TOP_NL_AMS$70$8TOP$96092$aORPH$bORPH$cKTS0$d2020-07-08$eKoopman$i30D21$l0$oTOP NL.AMS$p20121183$r2021-01-12 00:00:00$w2021-01-12$yBOO$OKoopman
=999  \\$d6093

