=LDR  01057aam a2200205   4500
=001  6095
=008  250624s1958\\\\||||||||\||||\00|\0bger\d
=041  \\$ager
=100  \\$aBoetticher, Wolfgang$d1914-2022$915033$4aut
=245  \\$aOrlando di Lasso und seine Zeit, 1532-1594:$bRepertoire-Untersuchungen zur Musik der Spätrenaissance$nBand 1$pMonographie
=260  \\$aKassel$aBasel$bBärenreiter$c1958
=600  \0$aLassus, Orlandus$d1530/32-1594$1http://www.wikidata.org/entity/Q154792$96856
=648  \0$a16th Century (1501-1600)$1http://www.wikidata.org/entity/Q7017$920944
=650  \0$aComposer$1http://www.wikidata.org/entity/Q36834$93625
=650  \0$aMusic history$1http://www.wikidata.org/entity/Q846047$921373
=651  \0$aMons (Belgium)$1http://www.wikidata.org/entity/Q83407$940323
=651  \0$aMunich (Germany)$1http://www.wikidata.org/entity/Q1726$9268
=942  \\$cBOO
=952  \\$00$10$2ddc$40$6BIO_LASS_E$70$8BIO$96094$aORPH$bORPH$cKTS1_P$d2020-07-08$eKoopman$i30E37$oBIO LASS e$p20123330$r2021-01-12 00:00:00$w2021-01-12$yBOO$OKoopman
=999  \\$d6095

