=LDR  01539    a2200277   4500
=001  6097
=008  211222s1963\\\\\\\afh||\||||\001\0dger\d
=041  \\$ager
=100  \\$aBoetticher, Wolfgang$d1914-2022$4aut$915033
=245  \\$aAus Orlando di Lassos Wirkungskreis:$bNeue archivalische Studien zur Müncher Musikgeschichte
=260  \\$aKassel$aBasel$aLondon$aNew York$bBärenreiter$c1963
=300  \\$axii-209 pages
=600  \0$aLassus, Orlandus$d1530/32-1594$1http://www.wikidata.org/entity/Q154792$96856
=648  \0$a16th Century (1501-1600)$1http://www.wikidata.org/entity/Q7017$920944
=650  \0$aComposer$1http://www.wikidata.org/entity/Q36834$93625
=650  \0$aMusic history$1http://www.wikidata.org/entity/Q846047$921373
=650  \0$aBiography$1http://www.wikidata.org/entity/Q36279$91927
=650  \0$aCorrespondence$1http://www.wikidata.org/entity/Q1784733$921392
=650  \0$aCappella$1http://www.wikidata.org/entity/Q19902156$922910
=650  \0$aCourt$1http://www.wikidata.org/entity/Q1134237$922191
=650  \0$aGenealogy$1http://www.wikidata.org/entity/Q47307$921635
=651  \0$aMunich (Germany)$1http://www.wikidata.org/entity/Q1726$9268
=942  \\$cBOO
=952  \\$00$10$2ddc$40$6TOP_DE_MUN1_4_000000000000000$70$8TOP$96093$aORPH$bORPH$cKTS0$d2020-07-08$eKoopman$i30E36$oTOP DE.MUN1 4$p20123331$r2021-01-12 00:00:00$w2021-01-12$yBOO
=952  \\$00$10$2ddc$40$6BIO_LASS_E$70$8BIO$96096$aORPH$bORPH$cKTS1_P$d2020-07-08$eKoopman$i43F34$oBIO LASS e$p20126446$r2021-01-12 00:00:00$w2021-01-12$yBOO
=999  \\$d6097

