=LDR  01152cam a22002654a 4500
=001  6098
=005  20250120115958.0
=008  050810s2004\\\\ne\ah\\\\b\\\\001\0\dut\\
=020  \\$a9065508155
=040  \\$aOI
=041  0\$adut$beng
=100  \\$aBogaart, Saskia$d-1973$99729
=245  10$aGeleerde kennis in de volkstaal :$b'Van den proprieteyten der dinghen' (Haarlem 1485) in perspectief
=260  \\$aHilversum$bVerloren$c2004
=300  \\$a252 pages$billustrations, facsimiles$c24 cm
=490  \\$aArtesliteratuur in de Nederlanden$v4
=504  \\$aIncludes bibliographical references (p. [222]-239) and index.
=546  \\$aSummary in English.
=648  \0$a15th Century (1401-1500)$1http://www.wikidata.org/entity/Q7018$921015
=650  \0$aEncyclopedia$1http://www.wikidata.org/entity/Q5292$92184
=650  \0$aHistory$1http://www.wikidata.org/entity/Q309$921403
=651  \0$aNetherlands$1http://www.wikidata.org/entity/Q55$9173
=942  \\$cBOO
=952  \\$00$10$2ddc$40$6TOP_NLLIT_BOGA_A$70$8TOP$96097$aORPH$bORPH$cKTS0$d2020-07-08$eKoopman$i38E09$l0$oTOP NL-->LIT BOGA a$p20120392$r2021-01-12 00:00:00$w2021-01-12$yBOO$OKoopman
=999  \\$d6098

