=LDR  00404    a2200121   4500
=001  6104
=020  \\$a3432009160
=100  \\$aBöhm, Karl$d1894-1981$925256
=245  \\$aIch erinnere mich ganz genau
=260  \\$c1979
=942  \\$cBOO
=952  \\$00$10$2ddc$40$6BIO_BOHM_A$70$8BIO$96103$aORPH$bORPH$cKTS1_P$d2020-07-08$eKoopman$i22F01$l0$oBIO BOHM a$p20128861$r2021-01-12 00:00:00$w2021-01-12$yBOO$OKoopman
=999  \\$c6104$d6104

