=LDR  01111aam a2200229   4500
=001  6105
=008  221220r19691931|||a||||\||||\001\0\ger\d
=041  \\$ager
=100  \\$aBöhme, Erdmann Werner$4aut$99739
=245  \\$aDie frühdeutsche Oper in Thüringen:$bEin Jahrhundert mitteldeutscher Musik- und Theatergeschichte des Barock
=260  \\$aMunich$bKatzbichler$c1969
=300  \\$a228 pages
=534  \\$cStadtroda: Richter, 1931
=648  \0$a17th Century (1601-1700)$1http://www.wikidata.org/entity/Q7016$920923
=648  \0$a18th Century (1701-1800)$1http://www.wikidata.org/entity/Q7015$920899
=650  \0$aMusic history$1http://www.wikidata.org/entity/Q846047$921373
=650  \0$aTheater history$1http://www.wikidata.org/entity/Q1061140$94607
=650  \0$aOpera$1http://www.wikidata.org/entity/Q1344$92468
=651  \0$aThuringia (Germany)$1http://www.wikidata.org/entity/Q1205$922311
=942  \\$cBOO
=952  \\$00$10$2ddc$40$6TOP_DE_THU_5_000000000000000$70$8TOP$96104$aORPH$bORPH$cKTS0$d2020-07-08$eKoopman$i30B29$l0$oTOP DE.THU 5$p20123398$r2021-01-12 00:00:00$w2021-01-12$yBOO$OKoopman
=999  \\$d6105

