=LDR  01546cam a2200349 a 4500
=001  6106
=005  20251027135407.0
=008  970509s1996\\\\gw\ag\\\\bc\\\001\0dger\d
=010  \\$a  2001372513
=020  \\$a3861100975
=035  \\$a(OCoLC)ocm36883645
=040  \\$aCGU$cCGU$dNYP$dDLC
=041  \\$ager
=042  \\$alccopycat
=043  \\$ae-gx---
=100  \\$4aut$aBöhme, Jürgen$d1955-$99741
=245  00$aFritz Neumeyer: Wege zur alten Musik.$bStationen und Dokumente
=246  30$aWege zur alten Musik
=260  \\$aSt. Ingbert$bRöhrig Universitätsverlag$c1996
=300  \\$a189 pages$billustrations (some color), music$c24 cm
=490  \\$aSchriften der Saarländischen Universitäts- und Landesbibliothek$v2
=504  \\$aIncludes bibliographical references (p. 182-185) and index.
=561  \\$aHandwritten dedication to Ton Koopman by Felix and Markus
=600  \0$aNeumeyer, Fritz$d1900-1983$1http://www.wikidata.org/entity/Q876342$99740
=648  \0$a20th Century (1901-2000)$1http://www.wikidata.org/entity/Q6927$920936
=650  \0$aHistorically informed performance$1http://www.wikidata.org/entity/Q1344860$920980
=650  \0$aEarly music$1http://www.wikidata.org/entity/Q436016$93160
=650  \0$aHarpsichord$1http://www.wikidata.org/entity/Q81982$92125
=651  \0$aGermany$1http://www.wikidata.org/entity/Q183$9155
=942  \\$cBOO
=952  \\$00$10$2ddc$40$6BIO_NEUM_A$70$8BIO$96105$aORPH$bORPH$cKTS1_P$d2020-07-08$eKoopman$i42B15$l0$oBIO NEUM a$p20120079$r2021-01-12 00:00:00$w2021-01-12$yBOO
=999  \\$d6106

