=LDR  01029aaa a2200229   4500
=001  6109
=005  20250929155332.0
=008  211205m1976\\\\\\\|||||\||||\00|\0\dut\d
=041  \\$adut
=100  \\$aBokum, Jan ten$d1942-$4edt$99745
=245  \\$aDe dansen van het Trecento
=260  \\$aUtrecht$bInstituut voor Muziekwetenschap der Rijksuniversiteit$c1976
=490  \\$aScripta musicologica Ultrajectina$vI
=500  \\$aLondon, British Library, Add.29987
=610  \0$aBritish Library (London, United Kingdom)$1http://www.wikidata.org/entity/Q23308$91593
=648  \0$aMiddle Ages (500-1400)$1http://www.wikidata.org/entity/Q12554$920964
=650  \0$aDance$1http://www.wikidata.org/entity/Q6034$924845
=650  \0$aManuscript$1http://www.wikidata.org/entity/Q87167$92275
=651  \0$aItaly$1http://www.wikidata.org/entity/Q38$922
=942  \\$cBOO
=952  \\$00$10$2ddc$3vol. 1$40$6TOP_IT_3_000000000000000$70$8TOP$96108$aORPH$bORPH$cKTS0$d2020-07-08$eKoopman$oTOP IT 3$p20127995$r2021-01-12 00:00:00$w2021-01-12$yBOO
=999  \\$d6109

