=LDR  01295aam a2200229   4500
=001  6111
=005  20250929155304.0
=008  240703s1971\\\\||||||||\||||\00|\0\dut\d
=022  \\$a0580-3721
=041  \\$adut
=100  \\$aBokum, Jan ten$d1942-$4aut$99745
=245  \\$aJohannes Gijsbertus Bastiaans (1812-1875)
=260  \\$c1971$aOosthoek's Uitgeversmaatschappij$bUtrecht
=300  \\$aviii-424 pages$billustrations, music examples
=490  \\$aMuziekhistorische monografieën$v3
=500  \\$aJohannes Gijsbertus Bastiaans (1812-1875) was a Dutch organist, composer and music theorist. Bastiaans was educated in organ playing from the age of ten in Deventer. He studied to become a watchmaker and settled in Rotterdam. There he meet C.F. Hommert, who introduced him to the works of Johann Sebastian Bach. He was one of the driving forces behind the growing attention for J.S. Bach in the Netherlands.
=650  \0$aOrganist$1http://www.wikidata.org/entity/Q765778$94471
=650  \0$aComposer$1http://www.wikidata.org/entity/Q36834$93625
=650  \0$aBiography$1http://www.wikidata.org/entity/Q36279$91927
=942  \\$cBOO
=952  \\$00$10$2ddc$40$6BIO_BAST_D$70$8BIO$96110$aORPH$bORPH$cKTS1_P$d2020-07-08$eKoopman$i22D58$oBIO BAST d$p20128422$r2021-01-12 00:00:00$w2021-01-12$yBOO
=999  \\$d6111

