=LDR  00720aam a2200181   4500
=001  6112
=005  20251001162501.0
=008  251001s1988\\\\||||||||\||||\00|\0\dut\d
=020  \\$a9031308412
=041  \\$adut
=100  \\$aBokum, Jan ten$d1942-$99745$4aut
=245  \\$aMuziek in de IJsselsteden
=260  \\$aUtrecht$aAntwerp$bBohn, Scheltema & Holkema$c1988
=650  \0$aMusic history$1http://www.wikidata.org/entity/Q846047$921373
=651  \0$aNetherlands$1http://www.wikidata.org/entity/Q55$1http://www.wikidata.org/entity/Q29999$9173
=942  \\$cBOO
=952  \\$00$10$2ddc$40$6TOP_NL$70$8TOP$96111$aORPH$bORPH$cKTS0$d2020-07-08$eKoopman$i20B26$l0$oTOP NL$p20127978$r2021-01-12 00:00:00$w2021-01-12$yBOO$OKoopman
=999  \\$d6112

