=LDR  00834aam a2200193   4500
=001  6113
=005  20251029143332.0
=008  231117s1973\\\\nl\g||||\||||\00|\0\fre\d
=041  \\$afre
=100  \\$aBol, Hans$99746$4aut
=245  \\$aLa Basse de Viole du Temps de Marin Marais et d'Antoine Forqueray
=260  \\$c1973$aTilburg$bCreyghton/Bilthoven
=300  \\$a335 pages
=600  \0$aForqueray, Antoine$d1671-1745$1http://www.wikidata.org/entity/Q586151$923183
=600  \0$aMarais, Marin$d1656-1728$1http://www.wikidata.org/entity/Q213519$912780
=650  \0$aViola da gamba$1http://www.wikidata.org/entity/Q96066477$93955
=942  \\$cBOO
=952  \\$00$10$2ddc$40$6INS_4_000000000000000_5D_BOL$70$8INS$96112$aORPH$bORPH$cKTS0$d2020-07-08$eKoopman$i29C02$l0$oINS4.5d BOL$p20123483$r2021-01-12 00:00:00$w2021-01-12$yBOO$OKoopman
=999  \\$d6113

