=LDR  01980aam a2200205   4500
=001  6115
=005  20250925143257.0
=008  241212s1958\\\\||||||||\||||\00|\f\ger\d
=100  \\$aBöll, Heinrich$d(1917-1985)$1http://www.wikidata.org/entity/Q42747$4aut$99749
=245  \\$aDer Zug war pünktlich
=260  \\$aFrankfurt$bUllstein$c1958
=520  \\$aAndreas, ein Soldat, fährt 1943 zurück an die Ostfront. Eine Ahnung, die immer mehr Gewissheit wird, sagt ihm, dass er dem Tod entgegenfährt. Seine Reise beginnt kurz vor Dortmund, durchquert Deutschland, Polen Richtung Schwarzes Meer, sie endet in Stryj, nahe Lwow (Lemberg), heute Ukraine. Die Wegbegleiter von Andreas sind: Der Unrasierte, Willi, Unteroffizier, der Blonde, Soldat, geschlechtskrank. Die letzten drei Tage seines Lebens verbringt Andreas mit ihnen beim Spiel, beim Saufen und letztlich im Bordell. Hier lernt er die Dirne Olina kennen, sie verlieben sich. Der Schluss endet tragisch, aber nicht ganz unerwartet. Olina, Andreas, der Blonde, Willi und zwei Militärs sitzen in einem Auto, das von einer Granate getroffen wird. Ob Andreas aber letztendlich tot ist, wird nicht deutlich, jedenfalls nicht ausdrücklich gestaltet. Der Böll-Forscher Bernd Balzer über den Schluss der Erzählung bzw. das Schicksal von Andreas und Olina: "[…] der Fluchtwagen wird – zwischen Lemberg und Czernowitz – von Partisanen beschossen, und beide kommen um." 
=534  \\$aOriginally published as 'Zwischen Lemberg und Czernowitz' (1949)
=648  \0$a20th Century (1901-2000)$1http://www.wikidata.org/entity/Q6927$920936
=650  \0$aNovel$1http://www.wikidata.org/entity/Q8261$921629
=650  \0$aWorld War II (1939-1945)$1http://www.wikidata.org/entity/Q362$93004
=651  \0$aGermany$1http://www.wikidata.org/entity/Q183$9155
=942  \\$cBOO
=952  \\$00$10$2ddc$40$6LIT_BOLL_A$70$8LIT$96114$aORPH$bORPH$cKM12_2_H$d2020-07-08$eKoopman$i40B05$oLIT BOLL a$p20120328$r2021-01-12 00:00:00$w2021-01-12$yBOO
=999  \\$d6115

