=LDR  02145aam a2200229   4500
=001  6116
=005  20250925143257.0
=008  241212s1967\\\\||||||||\||||\00|\f\ger\d
=041  \\$ager
=100  \\$aBöll, Heinrich$d(1917-1985)$4aut$99749
=245  \\$aAnsichten eines Clowns.$bRoman
=260  \\$aMunich$bDTV$c1967
=520  \\$a'Ansichten eines Clowns' tells the story of Hans Schnier, a man whose love and relationship with Marie Derkum—and ultimately his own sense of self—are undone by the value-driven postwar society of the 1950s and 1960s. Rejecting his affluent family's ambitions shaped by the "Wirtschaftswunder," Hans chooses the unconventional path of a comedian instead of pursuing a career in politics or business. His six-year relationship with Marie, a devout Catholic, begins to unravel when their differing values clash over marriage and child-rearing. Despite Hans’s willingness to compromise, Marie leaves him, marking the start of his downward spiral into alcoholism and professional decline. Over the course of a few hours in Bonn, Hans reflects on his life, calling old acquaintances and confronting the hypocrisy of postwar Germany, where former Nazis reinvent themselves, and societal values shift without genuine reflection. The novel critiques the lack of accountability for the Nazi past, blind religious obedience, and the moral compromises of the era. It ends poignantly with Hans playing guitar on the steps of Bonn's train station, waiting in vain for Marie’s return, while passersby mistake him for a beggar.
=534  \\$aOriginally published in 1963
=648  \0$a20th Century (1901-2000)$1http://www.wikidata.org/entity/Q6927$920936
=650  \0$aNovel$1http://www.wikidata.org/entity/Q8261$921629
=650  \0$aPsychology$1http://www.wikidata.org/entity/Q9418$922578
=650  \0$aWorld War II (1939-1945)$1http://www.wikidata.org/entity/Q362$93004
=651  \0$aGermany$1http://www.wikidata.org/entity/Q183$9155
=942  \\$cBOO
=952  \\$00$10$2ddc$40$6PHI_BOLL_A$70$8LIT$96115$aORPH$bORPH$cKM12_2_H$d2020-07-08$eKoopman$i40B06$oPHI BOLL a$p20120327$r2021-01-12 00:00:00$w2021-01-12$yBOO
=999  \\$d6116

