=LDR  00732    a2200181   4500
=001  6117
=008  220616s1992\\\\it\af|||\||||\00|\0\ita\d
=041  \\$aita
=100  \\$aBologna, Luciano$4aut$99750
=245  \\$aGli organi storici della città dell'Aquila
=260  \\$c1992$aL'Aquila$bColacchi
=300  \\$a158 pages
=650  \0$aOrgan$1http://www.wikidata.org/entity/Q1444$92810
=650  \0$aOrganology$1http://www.wikidata.org/entity/Q899293$921400
=651  \0$aL'Aquila (Italy)$1http://www.wikidata.org/entity/Q3476$924393
=942  \\$cBOO
=952  \\$00$10$2ddc$40$6INS_3_000000000000000_1A_IT_ACQ$70$8INS$96116$aORPH$bORPH$cKTS0$d2020-07-08$eKoopman$i24A27$oINS3.1a IT.ACQ$p20128701$r2021-01-12 00:00:00$w2021-01-12$yBOO
=999  \\$d6117

