=LDR  01032    a2200217   4500
=001  6118
=008  220223s1967\\\\|||af|||\||||\00|\0\ger\d
=041  \\$ager
=100  \\$aBolongaro-Crevenna, Hubertus$4aut$99751
=245  \\$aL'Arpa Festante:$bDie Münchner Oper 1651-1825. Von den Anfängen bis zum »Freyschützen«
=260  \\$aMunich$bCallwey$c1963
=300  \\$a272 pages$billustrations, b&w
=648  \0$a17th Century (1601-1700)$1http://www.wikidata.org/entity/Q7016$920923
=648  \0$a18th Century (1701-1800)$1http://www.wikidata.org/entity/Q7015$920899
=648  \0$a19th Century (1801-1900)$1http://www.wikidata.org/entity/Q6955$920935
=650  \0$aOpera$1http://www.wikidata.org/entity/Q1344$92468
=650  \0$aCourt$922191
=651  \0$aMunich (Germany)$1http://www.wikidata.org/entity/Q1726$9268
=942  \\$cBOO
=952  \\$00$10$2ddc$40$6TOP_DE_MUN1_5_000000000000000$70$8TOP$96117$aORPH$bORPH$cKTS0$d2020-07-08$eKoopman$i19D31$l2$oTOP DE.MUN1 5$p20127837$r2024-12-02 09:08:38$s2024-11-27$w2021-01-12$yBOO
=999  \\$d6118

