=LDR  01077aam a2200217   4500
=001  6119
=008  230109s1986\\\\nl\f||||\||||\00|\0\dut\d
=041  \\$adut
=245  \\$aHet orgel van de Sint Maartenskerk te Zaltbommel:$bDe historie; De restauratie en huidige samenstelling
=260  \\$aZaltbommel$bStichting Sint-Maarten$c1986
=300  \\$a24 pages
=600  \0$aWollferts, Andreis $925556
=610  \0$aGrote of Sint-Maartenskerk (Zaltbommel, Netherlands)$1http://www.wikidata.org/entity/Q2578267$925558
=650  \0$aOrgan$1http://www.wikidata.org/entity/Q1444$92810
=650  \0$aOrganology$1http://www.wikidata.org/entity/Q899293$921400
=650  \0$aConservation and restoration$1http://www.wikidata.org/entity/Q217102$922845
=651  \0$aZaltbommel (Netherlands)$1http://www.wikidata.org/entity/Q1532373$925557
=700  \\$4edt$aBolt, Klaas$99752
=942  \\$cBOO
=952  \\$00$10$2ddc$40$6INS_3_000000000000000_1E_NL_ZAL$70$8INS$96118$aORPH$bORPH$cKTS0$d2020-07-08$eKoopman$i24B58$l0$oINS3.1e NL.ZAL$p20128779$r2021-01-12 00:00:00$w2021-01-12$yBOO$OKoopman
=999  \\$d6119

