=LDR  00860aam a2200181   4500
=001  6121
=008  250715s1895\\\\||||||||\||||\00|\0\ger\d
=100  \\$aBolte, J.$99753$4aut
=245  \\$aDas Danziger Theater im 16. und 17. Jahrhundert
=260  \\$aHamburg$aLeipzig$bVoss$c1895
=490  \\$aTheatergeschichtliche Forschungen$vXII
=648  \0$a16th Century (1501-1600)$1http://www.wikidata.org/entity/Q7017$920944
=648  \0$a17th Century (1601-1700)$1http://www.wikidata.org/entity/Q7016$920923
=650  \0$aTheater history$1http://www.wikidata.org/entity/Q1061140$94607
=651  \0$aGdańsk (Poland)$1http://www.wikidata.org/entity/Q1792$924109
=942  \\$cBOO
=952  \\$00$10$2ddc$40$6TOP_PL_GDA_4_000000000000000$70$8TOP$96120$aORPH$bORPH$cKTS0$d2020-07-08$eKoopman$i45F10$l0$oTOP PL.GDA 4$p20127516$r2021-01-12 00:00:00$w2021-01-12$yBOO$OKoopman
=999  \\$d6121

