=LDR  00850aam a2200193   4500
=001  6122
=005  20251003085456.0
=008  250821s1962\\\\|||a||||\c|||\00|\0\dut\d
=041  \\$adut
=100  \\$aBolten, D.$99754$4aut
=245  \\$aMeesterwerken uit Delft
=260  \\$aDelft$bMuseum Het Prinsenhof$c1962
=610  \0$aPrinsenhof (Delft, Netherlands)$1http://www.wikidata.org/entity/Q281903$941010
=650  \0$aFine art$1http://www.wikidata.org/entity/Q219625$921579
=650  \0$aCatalogue$1http://www.wikidata.org/entity/Q2352616$1http://www.wikidata.org/entity/Q6941730$921484
=651  \0$aDelft (Netherlands)$1http://www.wikidata.org/entity/Q690$922800
=942  \\$cBOO
=952  \\$00$10$2ddc$40$6TOP_NL_DEL$70$8TOP$96121$aORPH$bORPH$cKTS0$d2020-07-08$eKoopman$i28E13$l0$oTOP NL.DEL$p20121375$r2021-01-12 00:00:00$w2021-01-12$yBOO$OKoopman
=999  \\$d6122

