=LDR  00788aam a2200181   4500
=001  6123
=008  250715s1967\\\\|||a||||\||||\00|\0\eng\d
=041  \\$aeng
=100  \\$aBolten, J.$99755$4aut
=245  \\$aDutch drawings from the Collection of Dr. C. Hofstede de Groot
=260  \\$aUtrecht$bOosthoek$c1967
=650  \0$aFine art$1http://www.wikidata.org/entity/Q219625$921579
=650  \0$aCollecting$1http://www.wikidata.org/entity/Q208165$92117
=651  \0$aNetherlands$1http://www.wikidata.org/entity/Q55$1http://www.wikidata.org/entity/Q29999$9173
=700  \\$aHofstede de Groot, C.$4col$940803
=942  \\$cBOO
=952  \\$00$10$2ddc$40$6VIS_BOLT$70$8VIS$96122$aORPH$bORPH$cKTS1_H$d2020-07-08$eKoopman$i20G08$l0$oVIS BOLT$p20128180$r2021-01-12 00:00:00$w2021-01-12$yBOO$OKoopman
=999  \\$d6123

