=LDR  00993aam a2200217   4500
=001  6127
=008  250430s1967\\\\||||||||\||||\00|\0cita\d
=041  \\$aita
=100  \\$aBonaccorsi, A.$99758$4aut
=245  \\$aMaestri di Lucca, i Guami e altri
=260  \\$aFlorence$bOlschki$c1967
=490  \\$aHistoriæ musicæ cultores biblioteca$v21
=610  \0$aGuami family$1http://www.wikidata.org/entity/Q99981388$940128
=648  \0$a16th Century (1501-1600)$1http://www.wikidata.org/entity/Q7017$920944
=648  \0$a17th Century (1601-1700)$1http://www.wikidata.org/entity/Q7016$920923
=650  \0$aMusic history$1http://www.wikidata.org/entity/Q846047$921373
=650  \0$aComposer$1http://www.wikidata.org/entity/Q36834$93625
=651  \0$aLucca (Italy)$1http://www.wikidata.org/entity/Q13373$924498
=942  \\$cBOO
=952  \\$00$10$2ddc$40$6TOP_IT_LUC$70$8TOP$96126$aORPH$bORPH$cKTS0$d2020-07-08$eKoopman$i19E11$l0$oTOP IT.LUC$p20127809$r2021-01-12 00:00:00$w2021-01-12$yBOO$OKoopman
=999  \\$d6127

