=LDR  01337aam a2200277   4500
=001  6128
=008  210419r19641723\\\|||||\||||\00|\0\mul\d
=041  \\$aeng$hita
=100  \\$aBonanni, Filippo$d1638-1725$4aut$1http://www.wikidata.org/entity/Q346870$95589
=245  \\$aThe Showcase of Musical Instruments
=260  \\$aNew York$bDover$c1964
=300  \\$ax-[354] pages
=504  \\$aContains index
=534  \\$aOriginally published in 1722, see 04I19
=590  \\$aWith new Introduction and Captions by Frank Ll. Harrison and Joan Rimmer. All 152 Illustrations from the 1723 "Gabinetto Armonico"
=610  \0$aJesuits$1http://www.wikidata.org/entity/Q36380$921140
=648  \0$a18th Century (1701-1800)$1http://www.wikidata.org/entity/Q7015$920899
=650  \0$aOrganology$1http://www.wikidata.org/entity/Q899293$921400
=651  \0$aItaly$1http://www.wikidata.org/entity/Q38$922
=700  \\$4ill$aWesterhout, Arnold van$d1651-1725$1http://www.wikidata.org/entity/Q18511480$921427
=700  \\$4win$aHarrison, Frank Llewellyn$911415
=700  \\$4win$aRimmer, Joan$921275
=765  \\$aGabinetto armonico, pieno d'istromenti sonori indicati, e spiegati
=942  \\$cBOO
=952  \\$00$10$2ddc$40$6INS_1A$70$8INS$96127$aORPH$bORPH$cKTS0$d2020-07-08$eKoopman$i21B54$oINS1a$p20128388$r2021-01-12 00:00:00$w2021-01-12$yBOO
=999  \\$d6128

