=LDR  01214cam a2200265 a 4500
=001  6129
=005  20250120120223.0
=008  970618s1996\\\\ne\g\\\\\b\\\\001\0\dut\\
=020  \\$a9065505458
=040  \\$aOI
=041  0\$adut
=100  \\$aBonda, Jan Willem$99760$4aut
=245  13$aDe meerstemmige Nederlandse liederen van de vijftiende en zestiende eeuw$c-
=246  31$aThe Polyphonic Songs in Dutch of the Fifteenth and Sixteenth Centuries (with a summary in English)
=260  \\$aHilversum$bVerloren$c1996
=300  \\$a684 pages$bmusic$c24 cm
=504  \\$aIncludes bibliographical references (p. [646]-674) and indexes.
=648  \0$a15th Century (1401-1500)$1http://www.wikidata.org/entity/Q7018$921015
=648  \0$a16th Century (1501-1600)$1http://www.wikidata.org/entity/Q7017$920944
=650  \0$aMusic history$1http://www.wikidata.org/entity/Q846047$921373
=650  \0$aSong$1http://www.wikidata.org/entity/Q7366$94164
=651  \0$aNetherlands$1http://www.wikidata.org/entity/Q55$9173
=942  \\$cBOO
=952  \\$00$10$2ddc$40$6TOP_NL_4_000000000000000$70$8TOP$96128$aORPH$bORPH$cKTS0$d2020-07-08$eKoopman$i33G40$l0$oTOP NL 4$p20122668$r2021-01-12 00:00:00$w2021-01-12$yBOO$OKoopman
=999  \\$d6129

