=LDR  01678cam a2200337 a 4500
=001  6130
=005  20250618162342.0
=008  110128s2011\\\\gw\ab\\\\\\\\\000\0dger\d
=010  \\$a  2011402339
=040  \\$aOI
=041  \\$adut
=100  \\$aBöning, Holger$d-1949$4aut$99761
=245  14$aDer Musiker und Komponist Johann Mattheson als Hamburger Publizist.$bStudie zu den Anfängen der Moralischen Wochenschriften und der deutschen Musikpublizistik
=260  \\$aBremen$bLumiere$c2011
=300  \\$a523 pages$billustrations, map$c24 cm
=490  1\$aPresse und Geschichte$v50
=504  \\$aIncludes bibliographical references (p. 498-518) and index.
=600  \0$aMattheson, Johann$d1681-1764$1http://www.wikidata.org/entity/Q170333$95222
=648  \0$a18th Century (1701-1800)$1http://www.wikidata.org/entity/Q7015$920899
=650  \0$aMusic theorist$1http://www.wikidata.org/entity/Q16031530$92202
=650  \0$aJournalist$1http://www.wikidata.org/entity/Q1930187$92203
=650  \0$aComposer$1http://www.wikidata.org/entity/Q36834$93625
=650  \0$aSinger$1http://www.wikidata.org/entity/Q177220$93915
=650  \0$aMusic printing$1http://www.wikidata.org/entity/Q64416036$94007
=650  \0$aPeriodical$1http://www.wikidata.org/entity/Q1002697$921106
=650  \0$aMoral education$1http://www.wikidata.org/entity/Q25457248$93171
=650  \0$aMusic history$1http://www.wikidata.org/entity/Q846047$921373
=651  \0$aGermany$1http://www.wikidata.org/entity/Q183$9155
=942  \\$cBOO
=952  \\$00$10$2ddc$40$6BIO_MATT_E$70$8BIO$96129$aORPH$bORPH$cKTS1_P$d2020-07-08$eKoopman$i42F21$oBIO MATT e$p20121994$r2021-01-12 00:00:00$w2021-01-12$yBOO
=999  \\$d6130

