=LDR  01567aam a2200289   4500
=001  6131
=008  250616s1996\\\\|||oa|||\b|||\00|\0\fre\d
=020  \\$a290586625X
=100  \\$aBonjour, André$99763$4aut
=245  \\$aLes traces de la musique dans la cathédrale de Chartres
=246  \1$aLes traces de la musique dans la statuaire et les verrières de la cathédrale de Chartres
=260  \\$c1996$aChartres$bSociété archéologique d'Eure-et-Loire
=300  \\$a76 pages
=500  \\$adiscusses in detail the stained glass windows and sculptures of Chartres Cathedral linked to music and instruments.
=610  \0$aNotre-Dame de Chartres (France)$1http://www.wikidata.org/entity/Q180274$91556
=650  \0$aArchitecture$1http://www.wikidata.org/entity/Q12271$93185
=650  \0$aChurch$1http://www.wikidata.org/entity/Q16970$93776
=650  \0$aCatholicism$1http://www.wikidata.org/entity/Q1841$921631
=650  \0$aApplied arts$1http://www.wikidata.org/entity/Q2865882$921627
=650  \0$aInterior design$1http://www.wikidata.org/entity/Q179232$921367
=650  \0$aFine art$1http://www.wikidata.org/entity/Q219625$921579
=650  \0$aMusical Instrument$1http://www.wikidata.org/entity/Q899293$940212
=650  \0$aMusic history$1http://www.wikidata.org/entity/Q846047$921373
=651  \0$aChartres (France)$1http://www.wikidata.org/entity/Q130272$939682
=942  \\$cBOO
=952  \\$00$10$2ddc$40$6TOP_FR_CHA$70$8TOP$96130$aORPH$bORPH$cKTS0$d2020-07-08$eKoopman$i21G21$l0$oTOP FR.CHA$p20125566$r2021-01-12 00:00:00$w2021-01-12$yBOO$OKoopman
=999  \\$d6131

