=LDR  00954cam a2200229 a 4500
=001  6132
=008  911025s1990\\\\gw\ab\\\\b\\\\001\0dger\\
=041  \\$ager
=100  \\$aBonkhoff, Bernhard H.$4aut$99764
=245  10$aDenkmalorgeln in der Pfalz
=260  \\$aSpeyer $bEvangelischer Presseverlag Pfalz$c1990
=300  \\$a366 pages$bill., map $c23 cm
=336  \\$aprinted
=490  \\$aVeröffentlichung der Gesellschaft der Orgelfreunde 
=504  \\$aIncludes bibliographical references (p. 352-355) and indexes.
=650  \0$aOrgan$1http://www.wikidata.org/entity/Q1444$92810
=650  \0$aOrganology$1http://www.wikidata.org/entity/Q899293$921400
=651  \0$aGermany$1http://www.wikidata.org/entity/Q183$9155
=700  \\$aFreytag, Hans$4pht$99765
=942  \\$cBOO
=952  \\$00$10$2ddc$40$6INS_3_000000000000000_1A_DE$70$8INS$96131$aORPH$bORPH$cKTS0$d2020-07-08$eKoopman$i29D25$oINS3.1a DE$p20121342$r2021-01-12 00:00:00$w2021-01-12$yBOO
=999  \\$d6132

