=LDR  01315cam a22002894a 4500
=001  6135
=005  20250120120527.0
=008  001212s2000\\\\fr\a\\\\\\\\\\000\0bfre\\
=020  \\$a2859982337
=040  \\$aOI
=041  \\$afre
=245  10$aEtienne Moulinié, 1599-1676 :$bintendant de la musique aux états du Languedoc
=260  \\$aMontpellier :$bPresses du Languedoc,$cc2000.
=300  \\$a108 pages$bill. (some col.)$c24 cm
=490  \\$aMusique et patrimoine en Languedoc-Roussillon
=504  \\$aIncludes bibliographical references (p. [107]-108).
=600  \0$aMoulinié, Etienne$dc. 1600-after 1699?$1http://www.wikidata.org/entity/Q205898$99769
=648  \0$a17th Century (1601-1700)$1http://www.wikidata.org/entity/Q7016$920923
=650  \0$aComposer$1http://www.wikidata.org/entity/Q36834$93625
=650  \0$aBiography$1http://www.wikidata.org/entity/Q36279$91927
=650  \0$aMusic history$1http://www.wikidata.org/entity/Q846047$921373
=651  \0$aLanguedoc (France)$1http://www.wikidata.org/entity/Q206221$922990
=700  \\$aBonnet, Jean-Louis$4aut$99768
=700  \\$aLalanne, Bérengère$4aut$99770
=942  \\$cBOO
=952  \\$00$10$2ddc$40$6BIO_MOUL_D$70$8BIO$96134$aORPH$bORPH$cKTS1_P$d2020-07-08$eKoopman$i35B09$oBIO MOUL d$p20120781$r2021-01-12 00:00:00$w2021-01-12$yBOO
=999  \\$d6135

