=LDR  01525ccm a22003254a 4500
=001  6138
=005  20250121142120.0
=008  110826s2010\\\\it\cta|\\dhi\\\n\\|\ita\c
=010  \\$a  2011494154
=020  \\$a8870966178
=020  \\$a9788870966176
=035  \\$a(OCoLC)ocn698912849
=040  \\$aTDF$cTDF$dC3L$dFXG$dUNL$dOHX$dNOC$dPAU$dDLC
=041  1\$aita$eita$eeng$hita$gita$geng
=042  \\$alccopycat
=100  \\$aBononcini, Giovanni$d1670-1747$4cmp$1http://www.wikidata.org/entity/Q315241$99772
=245  10$aCantate a Clori
=260  \\$aLucca [Italy] :$bLibreria musicale italiana,$cc2010.
=300  \\$al-51 pages$bfacsims.$c31 cm.
=490  1\$aFondazione Arcadia, Musiche italiane del Settecento ;$v4
=505  0\$aClori mio ben mia vita -- Clori saper vorrei -- Lunghi dalla mia Clori -- Mai non s'udi cred'io -- Clori bell'idol mio -- Con trasparente velo -- Clori perché mi fuggi -- Per la morte di bella ninfa.
=546  \\$aItalian words; also printed separately as text with English translations.
=648  \0$a18th Century (1701-1800)$1http://www.wikidata.org/entity/Q7015$920899
=650  \0$aCantata$1http://www.wikidata.org/entity/Q174873$921603
=650  \0$aPastoral$1http://www.wikidata.org/entity/Q1472271$92271
=651  \0$aItaly$1http://www.wikidata.org/entity/Q38$922
=700  \\$4edt$aDieci, Sara$99774
=942  \\$cSCO
=952  \\$00$10$2ddc$40$6SCO_BONO$70$8SCO$96137$aORPH$bORPH$cKTS1_P$d2020-07-08$eKoopman$oSCO BONO$p20121872$r2021-01-12 00:00:00$w2021-01-12$yBOO
=999  \\$d6138

