=LDR  01380aam a2200301   4500
=001  6139
=005  20250920142231.0
=008  221128s1995\\\\nl\f||||\||||\00|\0\nno\d
=020  \\$a8299030579
=041  \\$anor
=245  \\$aBarokkorgelet I Nidarosdomen.$bBygget av Joachim Wagner 1739-41, Restaurert av Jürgen Ahrend 1993-94
=246  \1$aDie Barockorgel im Dom zu Trondheim
=260  \\$aTrondheim$bRingve Museum$c1995
=300  \\$a95 pages
=490  \\$aRingve Museums Skrifter$vVI
=590  \\$aDie Barckorgel im Dom zu Trondheim, gebaut von Joachim Wagner 1739-41, restauriert von Jürgen Ahrend 1993-94
=648  \0$a18th Century (1701-1800)$1http://www.wikidata.org/entity/Q7015$920899
=650  \0$aOrgan$1http://www.wikidata.org/entity/Q1444$92810
=650  \0$aOrganology$1http://www.wikidata.org/entity/Q899293$921400
=651  \0$aTrondheim (Norway)$1http://www.wikidata.org/entity/Q25804$925393
=700  \\$4win$aBonsaken, Per F.$99775
=700  \\$4ctb$aKrag, Ole Rasmus$925390
=700  \\$4ctb$aSchulze, Claus-Peter$925391
=700  \\$4ctb$aSupphellen, Steinar$925392
=700  \\$4ctb$aKolnes, Stein Johannes$d-1952$912115
=942  \\$cBOO
=952  \\$00$10$2ddc$40$6INS_3_000000000000000_1A_NO_TRO$70$8INS$96138$aORPH$bORPH$cKTS0$d2020-07-08$eKoopman$i24G64$l0$oINS3.1a NO.TRO$p20129292$r2021-01-12 00:00:00$w2021-01-12$yBOO$OKoopman 24G64
=999  \\$d6139

