=LDR  00389    a2200121   4500
=001  6141
=020  \\$a9789060117132
=100  \\$aBoogman, J.C.$99777
=245  \\$aA.C.W. Staring
=260  \\$c1990
=942  \\$cBOO
=952  \\$00$10$2ddc$40$6BIO_STAR_D$70$8BIO$96140$aORPH$bORPH$cKTS1_P$d2020-07-08$eKoopman$i24D55$l0$oBIO STAR d$p20129069$r2021-01-12 00:00:00$w2021-01-12$yBOO$OKoopman 24D55
=999  \\$c6141$d6141

