=LDR  01567cam a2200301 a 4500
=001  6142
=005  20251003085456.0
=008  931209s1978\\\\fr\a\\\\\c\\\f001\0\eng\\
=020  \\$a9012008719
=040  \\$aOI
=110  \\$aRijksmuseum (Amsterdam, Netherlands)$1http://www.wikidata.org/entity/Q190804$91244
=245  10$aNetherlandish drawings of the fifteenth and sixteenth centuries /$cby K.G. Boon.
=260  \\$aThe Hague :$bGovt. Pub. Office,$c1978.
=300  \\$a1 v. in 2 :$bill. ;$c29 cm.
=490  1\$aCatalogue of the Dutch and Flemish drawings in the Rijksmuseum ;$vv. 2
=504  \\$aIncludes indexes.
=610  \0$aRijksmuseum (Amsterdam, Netherlands)$1http://www.wikidata.org/entity/Q190804$91244
=648  \0$a15th Century (1401-1500)$1http://www.wikidata.org/entity/Q7018$921015
=648  \0$a16th Century (1501-1600)$1http://www.wikidata.org/entity/Q7017$920944
=650  \0$aFine art$1http://www.wikidata.org/entity/Q219625$921579
=650  \0$aCatalogue$1http://www.wikidata.org/entity/Q2352616$921484
=651  \0$aNetherlands$1http://www.wikidata.org/entity/Q55$9173
=651  \0$aFlanders (Belgium)$1http://www.wikidata.org/entity/Q234$989
=700  \\$aBoon, Karel G.$99778
=942  \\$cBOO
=952  \\$00$10$40$6TOP_NL_5_000000000000000$70$8TOP$96141$aORPH$bORPH$cKTS0$d2020-07-08$eKoopman$oTOP NL 5$p20128178$r2021-01-12 00:00:00$w2021-01-12$yBOO$OKoopman
=952  \\$00$10$40$6TOP_NL_5_000000000000000$70$8TOP$96142$aORPH$bORPH$cKTS0$d2020-07-08$eKoopman$oTOP NL 5$p20128177$r2021-01-12 00:00:00$w2021-01-12$yBOO$OKoopman
=999  \\$d6142

