=LDR  01027    a2200217   4500
=001  6145
=008  211126s2000\\\\\\\a||||\||||\00|\0\eng\d
=041  \\$aeng
=100  \\$aBoorsch, Suzanne$4aut$99780
=245  \\$aFireworks!$bFour Centuries of Pyrotechnics in Prints & Drawings
=260  \\$aNew York$bMetropolitan Museum of Art$c2000
=300  \\$a52 pages$billustrations
=648  \0$a16th Century (1501-1600)$1http://www.wikidata.org/entity/Q7017$920944
=648  \0$a17th Century (1601-1700)$1http://www.wikidata.org/entity/Q7016$920923
=648  \0$a18th Century (1701-1800)$1http://www.wikidata.org/entity/Q7015$920899
=648  \0$a19th Century (1801-1900)$1http://www.wikidata.org/entity/Q6955$920935
=650  \0$aFirework$1http://www.wikidata.org/entity/Q127933$923111
=650  \0$aFine art$1http://www.wikidata.org/entity/Q219625$921579
=942  \\$cBOO
=952  \\$00$10$2ddc$40$6VIS_BOOR$70$8VIS$96144$aORPH$bORPH$cKTS1_H$d2020-07-08$eKoopman$i30C21$oVIS BOOR$p20121216$r2021-01-12 00:00:00$w2021-01-12$yBOO
=999  \\$d6145

