=LDR  01499aam a2200265   4500
=001  6147
=008  250310s1955\\\\|||g||||\b|||\00|\0\ger\d
=041  \\$ager
=100  \\$aBork, Gerhard$d1917-2004$1http://www.wikidata.org/entity/Q1511357$99782$4aut
=245  \\$aDie Melodien des Bonner Gesangbuches in seinen Ausgaben zwischen 1550 und 1630.$bEine Untersuchung über ihre Herkunft und Verbreitung
=260  \\$c1955$aCologne$aKrefeld$bStaufen
=300  \\$a[viii]-230-ix-23 pages
=490  \\$aBeiträge zur Rheinischen Musikgeschichte$v9
=648  \0$a16th Century (1501-1600)$1http://www.wikidata.org/entity/Q7017$920944
=648  \0$a17th Century (1601-1700)$1http://www.wikidata.org/entity/Q7016$920923
=650  \0$aReformation$1http://www.wikidata.org/entity/Q12562$93641
=650  \0$aSong$1http://www.wikidata.org/entity/Q7366$94164
=650  \0$aChurch music$1http://www.wikidata.org/entity/Q8812109$1http://www.wikidata.org/entity/Q1065742$92283
=650  \0$aPsalter$1http://www.wikidata.org/entity/Q956165$925348
=650  \0$aPsalm$1http://www.wikidata.org/entity/Q12497663$92164
=650  \0$aInfluence$1http://www.wikidata.org/entity/Q1307337$1http://www.wikidata.org/entity/Q16578639$922289
=651  \0$aBonn (Germany)$1http://www.wikidata.org/entity/Q586$9112
=942  \\$cBOO
=952  \\$00$10$2ddc$40$6TOP_DE_BON_4_000000000000000$70$8TOP$96146$aORPH$bORPH$cKTS0$d2020-07-08$eKoopman$i46D08$l0$oTOP DE.BON 4$p20127699$r2021-01-12 00:00:00$w2021-01-12$yBOO$OKoopman
=999  \\$d6147

