=LDR  00897    a2200205   4500
=001  6148
=008  220413s1966\\\\|||a||||\||||\00|\0\ger\d
=041  \\$ager
=100  \\$aBormann, Karl$d1928-2015$4aut$99784
=245  \\$aDie Gotische Orgel zu Halberstadt.$bEin Studie über mittelalterlichen Orgelbau
=260  \\$c1966$aBerlin$bVerlag Merseburger
=300  \\$a192 pages
=336  \\$aprinted
=610  \0$aDom zu Halberstadt$1http://www.wikidata.org/entity/Q316414$923915
=650  \0$aOrgan$1http://www.wikidata.org/entity/Q1444$92810
=650  \0$aOrganology$1http://www.wikidata.org/entity/Q899293$921400
=651  \0$aHalberstadt (Germany)$1http://www.wikidata.org/entity/Q7072$923912
=942  \\$cBOO
=952  \\$00$10$2ddc$40$6INS_3_000000000000000_1E_DE_HAL2$70$8INS$96147$aORPH$bORPH$cKTS0$d2020-07-08$eKoopman$i24A16$oINS3.1e DE.HAL2$p20128712$r2021-01-12 00:00:00$w2021-01-12$yBOO
=999  \\$d6148

