=LDR  01192    a2200217   4500
=001  6150
=008  220530s1968\\\\sw\fa|||\||||\00|\0bger\d
=041  \\$ager
=100  \\$aBormann, Karl$d1928-2015$4aut$99784
=245  \\$aOrgel- und Spieluhrenbau.$bKommentierte Aufzeichnungen des Orgel- und Musikwerkmachers Ignaz Bruder (1829) und die Entwicklung des Walzenorgeln
=260  \\$aZürich$bSanssouci$c1968
=300  \\$a332 pages
=561  \\$aOne copy (44D18) originates from Gert Oost's collection and has a dedication to him
=650  \0$aMechanical device$1http://www.wikidata.org/entity/Q1882685$92247
=650  \0$aOrganology$1http://www.wikidata.org/entity/Q899293$921400
=650  \0$aOrgan$1http://www.wikidata.org/entity/Q1444$92810
=651  \0$aSwitzerland$1http://www.wikidata.org/entity/Q39$920954
=942  \\$cBOO
=952  \\$00$10$2ddc$40$6INS_3_000000000000000_1B_BRUD$70$8INS$96148$aORPH$bORPH$cKTS0$d2020-07-08$eKoopman$i24A14$oINS3.1b BRUD$p20128714$r2021-01-12 00:00:00$w2021-01-12$yBOO
=952  \\$00$10$2ddc$40$6INS_3_000000000000000_1B_BRUD$70$8INS$96149$aORPH$bORPH$cKTS0$d2020-07-08$eKoopman$i44D18$oINS3.1b BRUD$p20126621$r2021-01-12 00:00:00$w2021-01-12$yBOO
=999  \\$d6150

