=LDR  00501    a2200133   4500
=001  6153
=041  \\$afre
=100  \\$aBorrel, E.$4aut$99786
=245  \\$aL'interprétation de la musique française (de Lully à la révolution)
=260  \\$c1934$aParis$bEditions d'Aujourd'hui
=300  \\$a231 pages
=942  \\$cBOO$2ddc
=952  \\$00$10$2ddc$40$6MTP_2_000000000000000_BORR$70$8MTP$96152$aORPH$bORPH$cKM12_1$d2020-07-08$eKoopman$i20D32$l0$oMTP 2 BORR$p20125306$r2021-01-12 00:00:00$w2021-01-12$yBOO
=999  \\$c6153$d6153

