=LDR  01420aam a2200229   4500
=001  6154
=008  210611i19481951\\\|||||\||||\00|\0ddut\d
=041  \\$adut
=100  \\$aVan den Borren, Charles$d1874-1966$4aut$1http://www.wikidata.org/entity/Q1066297$917675
=245  \\$aGeschiedenis van de muziek in de Nederlanden
=260  \\$aAntwerp$bNederlandsche Boekhandel$c1948-51
=300  \\$a2 vols. (432+410 pages)
=648  \0$aPast$1http://www.wikidata.org/entity/Q192630$922196
=650  \0$aMusic history$1http://www.wikidata.org/entity/Q846047$921373
=651  \0$aNetherlands$1http://www.wikidata.org/entity/Q55$9173
=651  \0$aBelgium$1http://www.wikidata.org/entity/Q31$920881
=942  \\$cBOO
=952  \\$00$10$2ddc$3vol. 1$40$6TOP_BE_0_000000000000000$70$8TOP$96153$aORPH$bORPH$cKTS0$d2020-07-08$eKoopman$i20B35$l0$oTOP BE 0$p20127969$r2021-01-12 00:00:00$w2021-01-12$yBOO
=952  \\$00$10$2ddc$3vol. 2$40$6TOP_BE_0_000000000000000$70$8TOP$96154$aORPH$bORPH$cKTS0$d2020-07-08$eKoopman$i20B36$l0$oTOP BE 0$p20127968$r2021-01-12 00:00:00$w2021-01-12$yBOO
=952  \\$00$10$2ddc$3vol. 1$40$6TOP_BE_0_000000000000000$70$8TOP$924947$aORPH$bORPH$cKTS0$d2020-07-08$eHuys$l0$oTOP BE 0$p20131015$r2024-12-09 11:26:40$w2021-01-12$yBOO
=952  \\$00$10$2ddc$3vol. 2$40$6TOP_BE_0_000000000000000$70$8TOP$924948$aORPH$bORPH$cKTS0$d2020-07-08$eHuys$l0$oTOP BE 0$p20131016$r2024-12-09 11:26:56$w2021-01-12$yBOO
=999  \\$d6154

