=LDR  01146    a2200241   4500
=001  6156
=005  20251003085456.0
=008  210602s1913\\\\\\\|||||\||||\00|\0\eng\d
=041  \\$aeng$hfre
=100  \\$aVan den Borren, Charles$d1874-1966$4aut$1http://www.wikidata.org/entity/Q1066297$917675
=245  \\$aThe Sources of Keyboard Music in England
=260  \\$aLondon$bReeves$c1913
=300  \\$a378 pages
=648  \0$a16th Century (1501-1600)$1http://www.wikidata.org/entity/Q7017$920944
=650  \0$aKeyboard music$1http://www.wikidata.org/entity/Q105715630$921412
=650  \0$aMusic history$1http://www.wikidata.org/entity/Q846047$921373
=650  \0$aCatalogue$1http://www.wikidata.org/entity/Q2352616$921484
=651  \0$aUnited Kingdom$1http://www.wikidata.org/entity/Q21$9273
=700  \\$4trl$aNewman, Ernest$d1868-1959$1http://www.wikidata.org/entity/Q1356476$921616
=765  \\$aLes origines de la musique de clavier en Angleterre
=942  \\$cBOO
=952  \\$00$10$2ddc$40$6INS_3_000000000000000_2A_GB$70$8INS$96155$aORPH$bORPH$cKTS0$d2020-07-08$eKoopman$i20D02$oINS3.2a GB$p20125338$r2021-01-12 00:00:00$w2021-01-12$yBOO
=999  \\$d6156

