=LDR  01301aam a2200241   4500
=001  6157
=008  210602s1925\\\\\\\|||||\||||\00|\0dfre\d
=041  \\$afre
=100  \\$aVan den Borren, Charles$d1874-1966$4aut$1http://www.wikidata.org/entity/Q1066297$917675
=245  \\$aQuelques notes sur les chansons françaises et les madrigaux italiens de J. P. Sweelinck
=260  \\$bNijhoff$aThe Hague$c1925
=500  \\$aOffprint from 'Gedenkboek aangeboden aan Dr. D. F. Scheurleer'
=561  \\$aAutograph dedication by the author to Floris van der Mueren
=600  \0$aSweelinck, Jan Pieterszoon$d1562-1621$1http://www.wikidata.org/entity/Q110294$911454
=648  \0$a16th Century (1501-1600)$1http://www.wikidata.org/entity/Q7017$920944
=648  \0$a17th Century (1601-1700)$1http://www.wikidata.org/entity/Q7016$920923
=650  \0$aSong$1http://www.wikidata.org/entity/Q7366$94164
=650  \0$aMadrigal$1http://www.wikidata.org/entity/Q193217$921649
=650  \0$aMusic history$1http://www.wikidata.org/entity/Q846047$921373
=651  \0$aAmsterdam (Netherlands)$1http://www.wikidata.org/entity/Q727$9135
=942  \\$cBOO
=952  \\$00$10$2ddc$40$6BIO_SWEE1_E$70$8BIO$96156$aORPH$bORPH$cKTS1_P$d2020-07-08$eKoopman$i21A38-2$l0$oBIO SWEE1 e$p20128304$r2021-01-12 00:00:00$w2021-01-12$yBOO
=999  \\$d6157

