=LDR  00938aam a2200193   4500
=001  6160
=008  220902s1933\\\\||||||||\||||\00|\0bger\d
=041  \\$ager
=100  \\$aBorris-Zuckermann, S.$4aut$99788
=245  \\$aKirnbergers Leben und Werk und seine Bedeutung im Berliner Musikkreis um 1750.$bInaugural-Dissertation
=260  \\$aOhlau$bEschenhagen$c1933
=600  \0$aKirnberger, Johann Philipp$d1721-1783$1http://www.wikidata.org/entity/Q505543$95305
=648  \0$a18th Century (1701-1800)$1http://www.wikidata.org/entity/Q7015$920899
=650  \0$aComposer$1http://www.wikidata.org/entity/Q36834$93625
=650  \0$aBiography$1http://www.wikidata.org/entity/Q36279$91927
=651  \0$aBerlin (Germany)$1http://www.wikidata.org/entity/Q64$948
=942  \\$cBOO
=952  \\$00$10$2ddc$40$6BIO_KIRN_D$70$8BIO$96159$aORPH$bORPH$cKTS1_P$d2020-07-08$eKoopman$i44A07$oBIO KIRN d$p20126739$r2021-01-12 00:00:00$w2021-01-12$yBOO$OKoopman
=999  \\$d6160

