=LDR  02432cam a2200289 a 4500
=001  6162
=005  20250120120523.0
=008  970721s1997\\\\it\a\\\\\b\\\\100\0\ita\c
=020  \\$a884044047X
=040  \\$aOI
=041  \\$aita
=245  00$aTeatri storici:$bdal restauro allo spettacolo
=260  \\$aFiesole$bNardini$c1997
=300  \\$a157 pages$billustrations (some color)$c24 cm
=490  \\$aArte e restauro
=504  \\$aIncludes bibliographical references.
=505  \\$gIntroduzione / Sergio Escobar -- Teatri che rinascono / Ezio Raimondi -- La regione toscana e il restauro dei teatri storici / Alessandro Giovannini, Luigi Zangheri -- Il restauro del teatro storico. Il teatro all'italiana equivale ad uno strumento musicale / Pier Luigi Cervellati -- Teatri storici: tra impiantistica e restauro / Elio Garzillo -- Lo stato attuale della prevenzione degli incendi nei teatri storici / Paolo Corsano -- Restauri dei teatri storici per il restauro di una città metropolitana / Antonio Nicoli -- La risorsa dei teatri storici in Emilia-Romagna: tutela e fruizione / Felicia Bottino -- Recupero del Teatro di San Felice sul Panaro: trasformazioni subite da un teatro nel tempo / Giovanna Paolozzi Strozzi -- Il restauro delle decorazioni interne del Teatro di San Felice sul Panaro / Luciano Serchia -- Il teatro di corte della Reggia di Caserta: prove indiziarie per il restauro / Silvia Cerio -- Il restauro quale recupero architettonico funzionale del Teatro di Trento / Roberto Codroico -- Il rapporto tra musica e architettura nei teatri storici / Michael Forsyth -- Aspetti, problemi e nuove prospettive dell'acustica nel restauro dei teatri / Roberto Pompoli -- Influenza di cavità risonanti poste sotto la fossa orchestrale: il caso del Teatro Alighieri di Ravenna
=650  \0$aArchitecture$1http://www.wikidata.org/entity/Q12271$93185
=650  \0$aTheater$1http://www.wikidata.org/entity/Q24354$92225
=650  \0$aConservation and restoration$1http://www.wikidata.org/entity/Q217102$922845
=650  \0$aAcoustics$1http://www.wikidata.org/entity/Q82811$921365
=651  \0$aItaly$1http://www.wikidata.org/entity/Q38$922
=700  \\$aBortolotti, Lidia$4edt$99790
=700  \\$aMasetti Bitelli, Luisa$4edt$99791
=942  \\$cBOO
=952  \\$00$10$2ddc$40$6TOP_IT$70$8TOP$96161$aORPH$bORPH$cKTS0$d2020-07-08$eKoopman$i24F40$l1$oTOP IT$p20125846$r2022-05-09 00:00:00$s2022-03-03$w2021-01-12$yBOO
=999  \\$d6162

