=LDR  01033aam a2200217   4500
=001  6164
=008  250331s1948\\\\|||a||||\||||\00|\0bfre\d
=041  \\$afre
=100  \\$aBory, R.$99792$4aut
=245  \\$aLa Vie et l'œuvre de Wolfgang-Amadeus Mozart par l'image
=260  \\$aParis$bEditio$c1948
=600  \0$aMozart, Wolfgang Amadeus$d1756-1791$1http://www.wikidata.org/entity/Q254$95341
=648  \0$a18th Century (1701-1800)$1http://www.wikidata.org/entity/Q7015$920899
=650  \0$aBiography$1http://www.wikidata.org/entity/Q36279$91927
=650  \0$aIconography$1http://www.wikidata.org/entity/Q208145$921259
=650  \0$aComposer$1http://www.wikidata.org/entity/Q36834$93625
=651  \0$aSalzburg (Austria)$1http://www.wikidata.org/entity/Q34713$921433
=651  \0$aVienna (Austria)$1http://www.wikidata.org/entity/Q1741$920937
=942  \\$cBOO
=952  \\$00$10$2ddc$40$6BIO_MOZA1_B$70$8BIO$96163$aORPH$bORPH$cKTS1_P$d2020-07-08$eKoopman$i29F25$oBIO MOZA1 b$p20121257$r2021-01-12 00:00:00$w2021-01-12$yBOO$OKoopman
=999  \\$d6164

