=LDR  01340cam a2200277 a 4500
=001  6167
=008  940512s1992\\\\\\\ab\\\\b\\\\001\0|ger\|
=041  \\$ager
=100  \\$aBös, Werner$4aut$99795
=245  10$aGotik in Oberbayern
=260  \\$aMunich$bSüddeutscher Verlag$c1992
=300  \\$a280 pages$bill. (some col.), map$c31 cm
=504  \\$aIncludes bibliographical references (p. 278-280) and index.
=590  \\$aText von Werner Bös ; Aufnahmen von Thomas Klinger
=648  \0$aMiddle Ages (500-1400)$1http://www.wikidata.org/entity/Q12554$920964
=648  \0$a15th Century (1401-1500)$1http://www.wikidata.org/entity/Q7018$921015
=648  \0$a16th Century (1501-1600)$1http://www.wikidata.org/entity/Q7017$920944
=650  \0$aArchitecture$1http://www.wikidata.org/entity/Q12271$93185
=650  \0$aReligion$1http://www.wikidata.org/entity/Q9174$93062
=650  \0$aFine art$1http://www.wikidata.org/entity/Q219625$921579
=650  \0$aGothic style$1http://www.wikidata.org/entity/Q11303546$922843
=651  \0$aOberbayern (Germany)$1http://www.wikidata.org/entity/Q1056$922659
=700  \\$aKlinger, Thomas$4pht$99796
=942  \\$cBOO
=952  \\$00$10$2ddc$40$6TOP_DE_BAV_4_000000000000000$70$8TOP$96166$aORPH$bORPH$cKTS0$d2020-07-08$eKoopman$i19G03$oTOP DE.BAV 4$p20125213$r2021-01-12 00:00:00$w2021-01-12$yBOO
=999  \\$d6167

