=LDR  01088cam a2200241 a 4500
=001  6169
=005  20250821154450.0
=008  920916s1991\\\\ne\ab\\\\b\\\\001\0\dut\\
=020  \\$a9068250930:$cfl 139.00
=040  \\$aOI
=100  \\$aBoschma, C.$99798
=245  10$aAntoine-Ignace Melling, 1763-1831, reizend kunstenaar /$cCornelis Boschma en Jacques Perot, met medewerking van Hélène Sorbé, Theo Laurentius en Robert Anhegger.
=260  \\$aAbcoude :$bUniepers,$cc1991.
=300  \\$a240 p. :$bill. (some col.), maps ;$c35 cm.
=504  \\$aIncludes bibliographical references (p. 237-[238]) and indexes.
=600  \0$aMelling, Antoine Ignace$d1763-1831$99800
=650  \0$aTravel$1http://www.wikidata.org/entity/Q61509$94440
=600  \0$aMelling, Antoine Ignace$d1763-1831$99800
=700  \\$aPerot, Jacques$99801
=942  \\$cBOO
=952  \\$00$10$2ddc$40$6BIO_MELL_D$70$8BIO$96168$aORPH$bORPH$cKTS1_P$d2020-07-08$eKoopman$i34C14$oBIO MELL d$p20122573$r2021-01-12 00:00:00$w2021-01-12$yBOO$OKoopman
=999  \\$c6169$d6169
=650  \0$aTravel$1http://www.wikidata.org/entity/Q61509$94440

