=LDR  01842cam a2200349   4500
=001  6170
=005  20250120120510.0
=008  220321s1988\\\\||||||||\||||\00|\0\\\\\d
=020  \\$a3795713307 (Bd. 3, T. 1)
=020  \\$a3795713315 (Bd. 3, T. 2)
=020  \\$a3795713420 (Bd. 4)
=041  \\$ager
=100  \\$aBösken, Franz$d1909-1976$99802
=245  10$aQuellen und Forschungen zur Orgelgeschichte de Mittelrheins
=260  \\$aMainz$bSchott$c1988
=300  \\$bill.$c21 cm
=490  \\$aHerausgegeben von der Arbeitsgemeinschaft für mittelrheinischen Musikgeschichte$vNr.29
=504  \\$aIncludes bibliographies and indexes.
=505  0\$aBand 1: Mainz und Vororte, Rheinhessen, Worms und Vororte - Band 2: Das Gebiet des ehemaligen Regierungsbezirks Wiesbaden (2 v.) - Band 3: Ehemalige Provinz Oberhessen (2 v.) - Band 4: Regierungsbezirke Koblenz und Trier, Kreise Altenkirchen und Neuwied (2 v.)
=650  \0$aOrgan$1http://www.wikidata.org/entity/Q1444$92810
=650  \0$aOrganology$1http://www.wikidata.org/entity/Q899293$921400
=650  \0$aCuckoo$1http://www.wikidata.org/entity/Q18845$922474
=650  \0$aMusic history$1http://www.wikidata.org/entity/Q846047$921373
=651  \0$aGermany$1http://www.wikidata.org/entity/Q183$9155
=700  \\$aBösken, Anneliese$99803
=700  \\$aBalz, Hans Martin$99362
=700  \\$aFischer, Hermann$d1928-2020$99804
=700  \\$aThömmes, Matthias$99805
=942  \\$cBOO
=952  \\$00$10$2ddc$3Band 3 (A-L)$40$6INS_3_000000000000000_1B_DE$70$8INS$96169$aORPH$bORPH$cKTS0$d2020-07-08$eKoopman$i24A02-3 I$oINS3.1b DE$p20128727$r2021-01-12 00:00:00$w2021-01-12$yBOO
=952  \\$00$10$2ddc$3Band 3 (M-Z)$40$6INS_3_000000000000000_1B_DE$70$8INS$96170$aORPH$bORPH$cKTS0$d2020-07-08$eKoopman$i24A02-3 II$oINS3.1b DE$p20128726$r2021-01-12 00:00:00$w2021-01-12$yBOO
=999  \\$d6170

