=LDR  01232    a2200241   4500
=001  6172
=008  220315s1967\\\\gw\\||||\||||\00|\0\ger\d
=020  \\$a3795713064
=041  \\$ager
=100  \\$aBösken, Franz$d1909-1976$99802
=245  \\$aQuellen und Forschungen zur Orgelgeschichte des Mittelrheins
=260  \\$c1967$c1975$aMainz$bSchott's Söhne
=300  \\$a541+535 pages
=336  \\$aprinted
=490  \\$aBeiträge zur Mittelrheinischen Musikgeschichte. Herausgegeben von der Arbeitsgemeinschaft für mittelrheinische Musikgeschichte$vNr. 6 & 7
=650  \0$aOrgan$1http://www.wikidata.org/entity/Q1444$92810
=650  \0$aMusic history$1http://www.wikidata.org/entity/Q846047$921373
=650  \0$aOrganology$1http://www.wikidata.org/entity/Q899293$921400
=651  \0$aGermany$1http://www.wikidata.org/entity/Q183$9155
=942  \\$cBOO
=952  \\$00$10$2ddc$3Band I$40$6INS_3_000000000000000_1B_DE$70$8INS$96171$aORPH$bORPH$cKTS0$d2020-07-08$eKoopman$i24A02-I$oINS3.1b DE$p20128729$r2021-01-12 00:00:00$w2021-01-12$yBOO
=952  \\$00$10$2ddc$3Band II$40$6INS_3_000000000000000_1B_DE$70$8INS$921381$aORPH$bORPH$cKTS0$d2020-07-08$eKoopman$i24A02-II$oINS3.1b DE$p20128728$r2022-03-15 00:00:00$w2021-01-12$yBOO
=999  \\$d6172

