=LDR  01256cam a2200277 a 4500
=001  6176
=005  20250120120045.0
=008  880421s1988\\\\gw\ag\\\\b\\\\000\0bger\\
=020  \\$a3873205793
=040  \\$aOI
=041  \\$ager
=100  \\$aBossard, Rudolf$4aut$99807
=245  10$aGiovanni Legrenzi, Il Giustino:$beine monographische Studie
=260  \\$aBaden-Baden :$bKoerner$c1988.
=300  \\$a365 pages$billustrations, music$c23 cm
=490  1\$aCollection d'études musicologiques = Sammlung musikwissenschaftlicher Abhandlungen$x0085-588X$v79
=504  \\$aBibliography: p. 360-365.
=600  \0$aLegrenzi, Giovanni$d1626-1690$1http://www.wikidata.org/entity/Q354947$97231
=648  \0$a17th Century (1601-1700)$1http://www.wikidata.org/entity/Q7016$920923
=650  \0$aOpera$1http://www.wikidata.org/entity/Q1344$92468
=650  \0$aMusical analysis$1http://www.wikidata.org/entity/Q1544924$92775
=650  \0$aMusic history$1http://www.wikidata.org/entity/Q846047$921373
=651  \0$aVenice (Italy)$1http://www.wikidata.org/entity/Q641$91
=942  \\$cBOO
=952  \\$00$10$2ddc$40$6BIO_LEGR_E$70$8BIO$96175$aORPH$bORPH$cKTS1_P$d2020-07-08$eKoopman$i38F12$l0$oBIO LEGR e$p20122318$r2021-01-12 00:00:00$w2021-01-12$yBOO$OKoopman
=999  \\$d6176

