=LDR  00998aam a2200217   4500
=001  6178
=008  250819s1958\\\\||||||||\||||\00|\0\fre\d
=041  \\$afre
=100  \\$aHalle, Adam de la$d1237/40-1286/88$1http://www.wikidata.org/entity/Q4214$911369$4aut
=245  \\$aLe Jeu de Robin et Marion, suivi du Jeu du Pelerin
=260  \\$aParis$bChampion$c1958
=490  \\$aClassiques français du moyen âge $v36
=648  \0$aMiddle Ages (500-1400)$1http://www.wikidata.org/entity/Q12554$920964
=650  \0$aPlay (theater)$1http://www.wikidata.org/entity/Q25379$921414
=650  \0$aPastoral$1http://www.wikidata.org/entity/Q1472271$92271
=650  \0$aTroubadour$1http://www.wikidata.org/entity/Q186370$940259
=651  \0$aFrance$1http://www.wikidata.org/entity/Q142$9131
=700  \\$aLanglois, E.$4edt$940988
=942  \\$cBOO
=952  \\$00$10$2ddc$40$6LIT_ADAM_A$70$8LIT$96177$aORPH$bORPH$cKM12_2_H$d2020-07-08$eKoopman$i43D11$oLIT ADAM a$p20126523$r2021-01-12 00:00:00$w2021-01-12$yBOO
=999  \\$d6178

