=LDR  01156nam a22002175a 4500
=001  6179
=005  20250120120049.0
=008  840507|1983\\\\|||\\\\\\\\\\\000\0\dut\\
=020  \\$a9065693300
=040  \\$aOI
=100  \\$aBossuyt, Ignace$4aut$1http://www.wikidata.org/entity/Q2419781$916619
=245  13$aDe componist Alexander Utendal (ca. 1543/1545-1581):$been bijdrage tot de studie van de Nederlandse polyfonie in de tweede helft van de zestiende eeuw
=260  \\$aBrussels$bAWLSK$c1983
=300  \\$a200 p., [20] p. of plates : ill. ; 26 cm.
=490  \\$aVerhandelingen van de Koninklijke Academie voor Wetenschappen, Letteren en Schone Kunsten van België, Klasse der Schone Kunsten$vJaarg. 45, nr. 36
=600  \0$aUtendal, Alexander$dc. 1544-1581$1http://www.wikidata.org/entity/Q2129173$920992
=648  \0$a16th Century (1501-1600)$1http://www.wikidata.org/entity/Q7017$920944
=942  \\$cBOO
=952  \\$00$10$2ddc$40$6BIO_UTEN_D$70$8BIO$96178$aORPH$bORPH$cKTS1_P$d2020-07-08$eKoopman$i33C36$l0$oBIO UTEN d$p20122990$r2021-01-12 00:00:00$w2021-01-12$yBOO
=999  \\$c6179$d6179
=650  \0$aMusic history$1http://www.wikidata.org/entity/Q846047$921373

