=LDR  01053aam a2200205   4500
=001  6180
=008  250624s1994\\\\||||||||\||||\00|\0bdut\d
=041  \\$adut
=100  \\$aBossuyt, Ignace$1http://www.wikidata.org/entity/Q2419781$916619$4aut
=245  \\$aOrlandus Lassus en Antwerpen 1554-1556.$bAntwerpen, Museum Vleeshuis 20 augustus-27 november 1994
=260  \\$aAntwerp$bMuseum Vleeshuis$c1994
=600  \0$aLassus, Orlandus$d1530/32-1594$1http://www.wikidata.org/entity/Q154792$96856
=648  \0$a16th Century (1501-1600)$1http://www.wikidata.org/entity/Q7017$920944
=650  \0$aComposer$1http://www.wikidata.org/entity/Q36834$93625
=650  \0$aBiography$1http://www.wikidata.org/entity/Q36279$91927
=650  \0$aMusic history$1http://www.wikidata.org/entity/Q846047$921373
=651  \0$aAntwerp (Belgium)$1http://www.wikidata.org/entity/Q12892$920974
=942  \\$cBOO
=952  \\$00$10$2ddc$40$6BIO_LASS_E$70$8BIO$96179$aORPH$bORPH$cKTS1_P$d2020-07-08$eKoopman$i45C14$oBIO LASS e$p20127350$r2021-01-12 00:00:00$w2021-01-12$yBOO$OKoopman
=999  \\$d6180

