=LDR  00980aam a2200217   4500
=001  6181
=005  20250926134854.0
=008  221202s2015\\\\||||||||\||||\00|\0\dut\d
=020  \\$a9789462700109
=041  \\$adut
=100  \\$aBossuyt, Ignace$4aut$1http://www.wikidata.org/entity/Q2419781$916619
=245  \\$aDe dood in cantates van J. S. Bach:$bVan Actus tragicus tot Trauer-Ode
=260  \\$aLeuven$bLipsius$c2015
=600  \0$aBach, Johann Sebastian$d1685-1750$1http://www.wikidata.org/entity/Q1339$94766
=648  \0$a18th Century (1701-1800)$1http://www.wikidata.org/entity/Q7015$920899
=650  \0$aCantata$1http://www.wikidata.org/entity/Q174873$921603
=650  \0$aDeath$1http://www.wikidata.org/entity/Q4$94425
=651  \0$aGermany$1http://www.wikidata.org/entity/Q183$9155
=942  \\$cBOO
=952  \\$00$10$2ddc$40$6BIO_BACH1_E$70$8BIO$96180$aORPH$bORPH$cKTS1_P$d2020-07-08$eKoopman$i46E30$oBIO BACH1 e$p20126937$r2021-01-12 00:00:00$w2021-01-12$yBOO$OKoopman
=999  \\$d6181

