=LDR  01029    a2200241   4500
=001  6183
=005  20250925143257.0
=008  211110s1967\\\\stkf||||\||||\00|\0\eng\d
=041  \\$aeng
=245  \\$aChurch and Chamber Barrel-Organs:$bTheir Origin, Makers, Music and Location
=260  \\$aEdinburgh$bLangwill$c1967
=300  \\$a120 pages
=336  \\$aprinted
=648  \0$a19th Century (1801-1900)$1http://www.wikidata.org/entity/Q6955$920935
=648  \0$a20th Century (1901-2000)$1http://www.wikidata.org/entity/Q6927$920936
=650  \0$aBarrel organ$1http://www.wikidata.org/entity/Q752638$93504
=650  \0$aChamber music$1http://www.wikidata.org/entity/Q189201$92105
=651  \0$aUnited Kingdom$1http://www.wikidata.org/entity/Q21$9273
=700  \\$4aut$aLangwill, Lyndesay G.$912286
=700  \\$4aut$aBoston, Noel$99814
=942  \\$cBOO
=952  \\$00$10$2ddc$40$6INS_10_000000000000000_2A$70$8INS$96182$aORPH$bORPH$cKTS0$d2020-07-08$eKoopman$i24B43$oINS10.2a$p20128792$r2021-01-12 00:00:00$w2021-01-12$yBOO
=999  \\$d6183

