=LDR  01325aam a2200265   4500
=001  6184
=005  20250925143257.0
=008  211110b\\\\\\\\||||||||\||||\00|\0\###\d
=041  \\$aeng
=245  \\$aChurch and Chamber Barrel-Organs.$bTheir Origin, Makers, Music and Location
=250  \\$a2nd rev. ed.
=260  \\$aEdinburgh$bLangwill$c1970
=300  \\$a123 pages
=336  \\$aprinted
=500  \\$aWith a dedication on the flyleaf by Jan Jaap Haspels (former director of Museum Speelklok in Utrecht, which holds a lot of barrel organs) to Gert Oost, organist and musicologist, dated 3-19-1979. "van een draaiorgelman aan een kerkorgelman"
=648  \0$a18th Century (1701-1800)$1http://www.wikidata.org/entity/Q7015$920899
=648  \0$a19th Century (1801-1900)$1http://www.wikidata.org/entity/Q6955$920935
=648  \0$a20th Century (1901-2000)$1http://www.wikidata.org/entity/Q6927$920936
=650  \0$aBarrel organ$1http://www.wikidata.org/entity/Q752638$93504
=651  \0$aUnited Kingdom$1http://www.wikidata.org/entity/Q21$9273
=700  \\$4aut$aLangwill, Lyndesay G.$912286
=700  \\$4aut$aBoston, Noel$99814
=942  \\$cBOO
=952  \\$00$10$2ddc$40$6INS_10_000000000000000_2A$70$8INS$96183$aORPH$bORPH$cKTS0$d2020-07-08$eKoopman$i44D19$oINS10.2a$p20126620$r2021-01-12 00:00:00$w2021-01-12$yBOO
=999  \\$d6184

