=LDR  00379    a2200121   4500
=001  6186
=020  \\$a9045002590
=100  \\$aBoswell, J.$99816
=245  \\$aBoswell en Holland
=260  \\$c2000
=942  \\$cBOO
=952  \\$00$10$2ddc$40$6BIO_BOSW_D$70$8BIO$96185$aORPH$bORPH$cKTS1_P$d2020-07-08$eKoopman$i38B17$oBIO BOSW d$p20120458$r2021-01-12 00:00:00$w2021-01-12$yBOO$OKoopman
=999  \\$c6186$d6186

