=LDR  00362    a2200109   4500
=001  6187
=100  \\$aBoswell, J.$99816
=245  \\$aBoswell in Holland 1763-1764
=260  \\$c1952
=942  \\$cBOO
=952  \\$00$10$2ddc$40$6BIO_BOSW_A$70$8BIO$96186$aORPH$bORPH$cKTS1_P$d2020-07-08$eKoopman$i45A15$oBIO BOSW a$p20127434$r2021-01-12 00:00:00$w2021-01-12$yBOO$OKoopman
=999  \\$c6187$d6187

