=LDR  00874aam a2200205   4500
=001  6188
=005  20250926135309.0
=008  221202s2002\\\\||||||||\||||\00|\0\eng\d
=020  \\$a9781138966901
=041  \\$aeng
=100  \\$aBosworth Powers, D.$4aut$99817
=245  \\$aCarl Philipp Emanuel Bach:$bA Guide to Research
=260  \\$aNew York, NY$bRoutledge$c2002
=600  \0$aBach, Carl Philipp Emanuel$d1714-1788$1http://www.wikidata.org/entity/Q76428$99218
=648  \0$a18th Century (1701-1800)$1http://www.wikidata.org/entity/Q7015$920899
=650  \0$aComposer$1http://www.wikidata.org/entity/Q36834$93625
=651  \0$aGermany$1http://www.wikidata.org/entity/Q183$9155
=942  \\$cBOO
=952  \\$00$10$2ddc$40$6BIO_BACH2_C$70$8BIO$96187$aORPH$bORPH$cKTS1_P$d2020-07-08$eKoopman$i46E41$l1$oBIO BACH2 c$p20126922$r2023-05-25 00:00:00$s2023-05-25$w2021-01-12$yBOO
=999  \\$d6188

