=LDR  01166cam a2200241 a 4500
=001  6189
=008  060406s2005\\\\nl\af\\\\b\\\\000\0\dut\d
=041  \\$adut
=245  14$aHet orgel in de Grote Kerk te Vlaardingen.$bVier artikelen onder redactie van de Stichting Orgelhistorische Studies
=260  \\$aVlaardingen $bStichting Orgelhistorische Studies$c2005
=300  \\$a95 pages$bill.$c24 cm
=504  \\$aIncludes bibliographical references.
=610  \0$aGrote Kerk (Vlaardingen, Netherlands)$1http://www.wikidata.org/entity/Q2154512$91248
=650  \0$aOrgan$1http://www.wikidata.org/entity/Q1444$92810
=651  \0$aNetherlands$1http://www.wikidata.org/entity/Q55$9173
=651  \0$aVlaardingen (Netherlands)$1http://www.wikidata.org/entity/Q210007$925529
=700  \\$aKranenburg, Peter van$4ctb$99819
=700  \\$aBot, Maarten$4ctb$99818
=700  \\$aZoutendijk, Johan$4ctb$915663
=710  \\$aStichting Orgelhistorische Studies$91249
=942  \\$cBOO
=952  \\$00$10$2ddc$40$6INS_3_000000000000000_1E_NL_VLA$70$8INS$96188$aORPH$bORPH$cKTS0$d2020-07-08$eKoopman$i33G39$l0$oINS3.1e NL.VLA$p20122670$r2021-01-12 00:00:00$w2021-01-12$yBOO$OKoopman
=999  \\$d6189

