=LDR  01053cam a2200229 a 4500
=001  6190
=005  20250926134854.0
=008  871009s1984\\\\gw\ag\\\\b\\\\000\0\ger\\
=020  \\$a3873972638
=040  \\$aOI
=100  \\$aBötel, Friedhold$99821
=245  10$aMendelssohns Bachrezeption und ihre Konsequenzen dargestellt an den Präludien und Fugen für Orgel op. 37 /$cFriedhold Bötel.
=260  \\$aMünchen :$bE. Katzbichler,$c1984.
=300  \\$a134 p. :$btabs., music ;$c25 cm.
=490  1\$aBeiträge zur Musikforschung ;$vBd. 14
=504  \\$aBibliography: p. 130-134.
=600  \0$aMendelssohn-Bartholdy, Felix$d1809-1847$1http://www.wikidata.org/entity/Q46096$94998
=600  \0$aBach, Johann Sebastian$d1685-1750$1http://www.wikidata.org/entity/Q1339$94766
=830  \0$9382$aBeiträge zur Musikforschung (Musikverlag Katzbichler) ;$vBd. 14.
=942  \\$cBOO
=952  \\$00$10$2ddc$40$6BIO_MEND_E$70$8BIO$96189$aORPH$bORPH$cKTS1_P$d2020-07-08$eKoopman$i21D02$oBIO MEND e$p20128301$r2021-01-12 00:00:00$w2021-01-12$yBOO$OKoopman
=999  \\$c6190$d6190

