=LDR  01241cam a2200265 a 4500
=001  6191
=005  20250716123225.0
=008  880120s1987\\\\ne\\\\\\\b\\\\001\0bdut\\
=020  \\$a9070591197 :$cfl 25.00
=040  \\$aOI
=245  00$aVeelzijdigheid als levensvorm :$bfacetten van Constantijn Huygens' leven en werk : een bundel studies ter gelegenheid van zijn driehonderdste sterfdag /$cbijeengebracht door A. Th. van Deursen, E.K. Grootes, P.E.L. Verkuyl.
=260  \\$aDeventer :$bSub Rosa,$c1987.
=300  \\$a276 p. ;$c24 cm.
=504  \\$aBibliography: p. 272-275.
=600  \0$aHuygens, Constantijn$d1596-1687$1http://www.wikidata.org/entity/Q560746$95174
=650  \0$aPoet$1http://www.wikidata.org/entity/Q49757$92954
=700  \\$aDeursen, Arie Theodorus van$d1931-2011$99824
=700  \\$aGrootes, E. K.$99825
=700  \\$aVerkuyl, P. E. L.$99826
=942  \\$cBOO
=952  \\$00$10$2ddc$40$6BIO_HUYG1_E$70$8BIO$96190$aORPH$bORPH$cKTS1_P$d2020-07-08$eKoopman$i23E36$l0$oBIO HUYG1 e$p20128930$r2021-01-12 00:00:00$w2021-01-12$yBOO$OKoopman
=999  \\$c6191$d6191
=490  \\$aDeventer studiën ;
=651  \0$aNetherlands$1http://www.wikidata.org/entity/Q55$9173
=650  \0$aBiography$1http://www.wikidata.org/entity/Q36279$91927

