=LDR  01288cam a2200289 i 4500
=001  6192
=005  20250121142120.0
=008  141127t20152015ne\ab\\\\b\\\\001\0bdut\\
=020  \\$a9789460042010 (paperback)
=020  \\$a9460042015 (paperback)
=040  \\$aOI
=041  \\$adut
=245  13$aDe heimelijke echtgenote van Lodewijk XIV:$bMadame de Maintenon, 1635-1719
=264  \1$aNijmegen$bVantilt$c2015
=300  \\$a261 pages$billustrations (some color), maps$c22 cm
=504  \\$aIncludes bibliographical references (pages 247-250) and index.
=600  \0$aMadame de Maintenon$d1635-1719$1http://www.wikidata.org/entity/Q230670$99828
=600  \0$aLouis XIV$cKing of France$d1638-1715$1http://www.wikidata.org/entity/Q7742$99829
=648  \0$a17th Century (1601-1700)$1http://www.wikidata.org/entity/Q7016$920923
=648  \0$a18th Century (1701-1800)$1http://www.wikidata.org/entity/Q7015$920899
=650  \0$aCourt$922191
=651  \0$aFrance$1http://www.wikidata.org/entity/Q142$9131
=700  \\$aBots, Hans$d1940-$4aut$99827
=700  \\$aSchillings, Johan Nicolaas Joseph$4aut$99830
=942  \\$cBOO
=952  \\$00$10$2ddc$40$6BIO_MAIN_D$70$8BIO$96191$aORPH$bORPH$cKTS1_P$d2020-07-08$eKoopman$i46E36$oBIO MAIN d$p20126927$r2021-01-12 00:00:00$w2021-01-12$yBOO
=999  \\$d6192

