=LDR  00989aam a2200241   4500
=001  6193
=003  OSt
=005  20250611110227.0
=008  220406s1913\\\\||||||||\||||\00|\0\ger\d
=040  \\$cOI
=041  \\$ager
=100  \\$aBotstiber, H.$4aut$99831
=245  \\$aGeschichte der Ouvertüre und der freien Orchesterformen
=260  \\$aLeipzig$bBreitkopf & Härtel$c1913
=300  \\$a274 pages
=648  \0$a17th Century (1601-1700)$1http://www.wikidata.org/entity/Q7016$920923
=648  \0$a18th Century (1701-1800)$1http://www.wikidata.org/entity/Q7015$920899
=648  \0$a19th Century (1801-1900)$1http://www.wikidata.org/entity/Q6955$920935
=650  \0$aOverture$1http://www.wikidata.org/entity/Q202287$921591
=650  \0$aMusic history$1http://www.wikidata.org/entity/Q846047$921373
=942  \\$cBOO
=952  \\$00$10$2ddc$40$6GEN_15_000000000000000$70$8GEN$96192$aORPH$bORPH$cKM12_1$d2020-07-08$eKoopman$i30A13$oGEN15$p20123432$r2021-01-12 00:00:00$w2021-01-12$yBOO
=999  \\$d6193

