=LDR  01005aam a2200193   4500
=001  6195
=005  20251029105650.0
=008  251029s1919\\\\||||||||\c|||\00|\0\dut\d
=041  \\$adut
=100  \\$aBottenheim, S. A. M.$d1880-1957$1http://www.wikidata.org/entity/Q27825733$99835$4aut
=245  \\$aCatalogus van de Bibliotheek der Vereeniging voor Nederlandsche Muziekgeschiedenis
=260  \\$aAmsterdam$bAlsbach$c1919
=610  \0$aKoninklijke Vereniging voor Nederlandse Muziekgeschiedenis (Utrecht, Netherlands)$1http://www.wikidata.org/entity/Q110069248$922064
=648  \0$a20th Century (1901-2000)$1http://www.wikidata.org/entity/Q6927$920936
=650  \0$aCatalogue$1http://www.wikidata.org/entity/Q2352616$1http://www.wikidata.org/entity/Q6941730$921484
=651  \0$aUtrecht (Netherlands)$1http://www.wikidata.org/entity/Q803$9141
=942  \\$cBOO
=952  \\$00$10$2ddc$40$70$8BIB$96194$aORPH$bORPH$cKTS0$d2020-07-08$eKoopman$i33D01$l0$p20122748$r2021-01-12 00:00:00$w2021-01-12$yBOO$OKoopman
=999  \\$d6195

