=LDR  01256    a2200253   4500
=001  6196
=005  20250925143257.0
=008  211129s1946\\\\\\\|||||\||||\00|\0\dut\d
=041  \\$adut
=100  \\$aBottenheim, S. A. M.$d1880-1957$4aut$1http://www.wikidata.org/entity/Q27825733$99835
=245  \\$aDe opera in Nederland
=260  \\$aAmsterdam$bvan Kampen$c1946
=490  \\$aPatria: vaderlandsche cultuurgeschiedenis in monografieën$v37
=648  \0$a17th Century (1601-1700)$1http://www.wikidata.org/entity/Q7016$920923
=648  \0$a18th Century (1701-1800)$1http://www.wikidata.org/entity/Q7015$920899
=648  \0$a19th Century (1801-1900)$1http://www.wikidata.org/entity/Q6955$920935
=648  \0$a20th Century (1901-2000)$1http://www.wikidata.org/entity/Q6927$920936
=650  \0$aOpera$1http://www.wikidata.org/entity/Q1344$92468
=650  \0$aTheater history$1http://www.wikidata.org/entity/Q1061140$94607
=650  \0$aMusic history$1http://www.wikidata.org/entity/Q846047$921373
=651  \0$aNetherlands$1http://www.wikidata.org/entity/Q55$9173
=942  \\$cBOO
=952  \\$00$10$2ddc$40$6TOP_NL_5_000000000000000$70$8TOP$96195$aORPH$bORPH$cKTS0$d2020-07-08$eKoopman$i20B32$oTOP NL 5$p20127972$r2021-01-12 00:00:00$w2021-01-12$yBOO
=999  \\$d6196

