=LDR  00995aam a2200217   4500
=001  6197
=008  250627s1991\\\\|||f||||\||||\00|\0ddut\d
=041  \\$adut
=245  \\$aMozart en Praag
=260  \\$aBeek$aPrague$bIn de Rooze-tak$c1991
=590  \\$aVijf kleurenlitho's van Jiri Bouda met begeleidende tekst van Z. Mahler
=600  \0$aMozart, Wolfgang Amadeus$d1756-1791$1http://www.wikidata.org/entity/Q254$95341
=648  \0$a18th Century (1701-1800)$1http://www.wikidata.org/entity/Q7015$920899
=650  \0$aComposer$1http://www.wikidata.org/entity/Q36834$93625
=650  \0$aIllustration$1http://www.wikidata.org/entity/Q178659$921171
=651  \0$aPrague (Czech Republic)$1http://www.wikidata.org/entity/Q1085$923092
=700  \\$aBouda, Jiří$4ill$99836
=700  \\$aMahler, Z.$4aut$940469
=942  \\$cBOO
=952  \\$00$10$2ddc$40$6BIO_MOZA1_E$70$8BIO$96196$aORPH$bORPH$cKTS1_P$d2020-07-08$eKoopman$i41D01$oBIO MOZA1 e$p20130203$r2021-01-12 00:00:00$w2021-01-12$yBOO$OKoopman
=999  \\$d6197

