=LDR  01009cam a2200241 p 4500
=001  6198
=005  20250925143257.0
=008  800605s1979\\\\ne\a\\\\\b\\\\000\0\dut\\
=020  \\$a9026980817 :$cfl 45.00
=040  \\$aOI
=041  \\$adut
=100  \\$aBoudewijns, Leo$4aut$99837
=245  13$a'n Hele kunst:$bnotities over de platenwereld in Nederland
=260  \\$aBussum$bGooise Uitgeverij$c1979
=300  \\$a144 pages$billustrations, some color$c30 cm
=500  \\$aContains interviews with, among others, Edo de Waart
=504  \\$aIncludes bibliographical references.
=648  \0$a20th Century (1901-2000)$1http://www.wikidata.org/entity/Q6927$920936
=650  \0$aSound recording industry$1http://www.wikidata.org/entity/Q10302058$92246
=651  \0$aNetherlands$1http://www.wikidata.org/entity/Q55$9173
=942  \\$cBOO
=952  \\$00$10$2ddc$40$6TOP_NL_6_000000000000000$70$8TOP$96197$aORPH$bORPH$cKTS0$d2020-07-08$eKoopman$i18B36$oTOP NL 6$p20127723$r2021-01-12 00:00:00$w2021-01-12$yBOO
=999  \\$d6198

