=LDR  00378    a2200121   4500
=001  6199
=020  \\$a9026121385
=100  \\$aBoudewijns, Leo$99837
=245  \\$aVerliefd op Polymnia
=260  \\$c1985
=942  \\$cBOO
=952  \\$00$10$2ddc$40$6LIT_BOUD_A$70$8LIT$96198$aORPH$bORPH$cKM12_2_H$d2020-07-08$eKoopman$i38D45$oLIT BOUD a$p20122360$r2021-01-12 00:00:00$w2021-01-12$yBOO
=999  \\$c6199$d6199

