=LDR  00723aaa a2200193   4500
=001  6201
=008  220429s1943\\\\nl\a||||\||||\00|\0\dut\d
=041  \\$adut
=100  \\$aBouman, Arie$4aut$99840
=245  \\$aOrgels in Nederland
=260  \\$aAmsterdam$bde Lange$c1943
=300  \\$a134 pages
=490  \\$aHeemschutserie$v34
=650  \0$aOrgan$1http://www.wikidata.org/entity/Q1444$92810
=650  \0$aOrganology$1http://www.wikidata.org/entity/Q899293$921400
=651  \0$aNetherlands$1http://www.wikidata.org/entity/Q55$9173
=942  \\$cBOO
=952  \\$00$10$2ddc$40$6INS_3_000000000000000_1A_NL$70$8INS$96200$aORPH$bORPH$cKTS0$d2020-07-08$eKoopman$i24C33$oINS3.1a NL$p20129025$r2021-01-12 00:00:00$w2021-01-12$yBOO
=999  \\$d6201

