=LDR  01095aam a2200205   4500
=001  6205
=008  250618s1982\\\\|||a||||\c|||\00|\0\dut\d
=041  \\$adut
=100  \\$aBouman, J.$99841$4aut
=245  \\$aNederlandse gelegenheidsgedichten voor 1700 in de Koninklijke Bibliotheek te 's-Gravenhage
=260  \\$aThe Hague$bKoninklijke Bibliotheek$c1982
=590  \\$aCatalogus van gedrukte gedichten op gedenkwaardige gebeurtenissen in het leven van particuliere personen
=648  \0$aMiddle Ages (500-1400)$1http://www.wikidata.org/entity/Q12554$920964
=648  \0$aRenaissance (1400-1600)$1http://www.wikidata.org/entity/Q4692$920965
=648  \0$a17th Century (1601-1700)$1http://www.wikidata.org/entity/Q7016$920923
=650  \0$aPoetry$1http://www.wikidata.org/entity/Q482$93026
=651  \0$aNetherlands$1http://www.wikidata.org/entity/Q55$1http://www.wikidata.org/entity/Q29999$9173
=942  \\$cBOO
=952  \\$00$10$2ddc$40$6TOP_NL_3_000000000000000$70$8TOP$96204$aORPH$bORPH$cKTS0$d2020-07-08$eKoopman$i33D37$l0$oTOP NL 3$p20122711$r2021-01-12 00:00:00$w2021-01-12$yBOO$OKoopman
=999  \\$d6205

