=LDR  00399    a2200121   4500
=001  6207
=020  \\$a9789061538394
=100  \\$aBourg, A. M. du$99843
=245  \\$aAntoon van Dyck, Portraits
=260  \\$c2008
=942  \\$cBOO
=952  \\$00$10$2ddc$40$6BIO_VAND6_E$70$8BIO$96206$aORPH$bORPH$cKTS1_P$d2020-07-08$eKoopman$i36F28$l0$oBIO VAND6 e$p20120643$r2021-01-12 00:00:00$w2021-01-12$yBOO$OKoopman
=999  \\$c6207$d6207

