=LDR  01235    a2200253   4500
=001  6209
=008  211112s2001\\\\nl\a||||\||||\00|\0\dut\d
=020  \\$a9090143858
=041  \\$adut
=100  \\$aBouterse, Jan$4aut$919250
=245  \\$aNederlandse houtblaasinstrumenten en hun bouwers 1660-1760
=260  \\$c2001$aAlphen aan de Rijn$bM.C.J. Bouterse
=300  \\$a294+254+22+14 pages
=336  \\$aprinted
=500  \\$aPhotocopied book in 2 volumes.
Volume 2: Hoofdstuk 8-11, samenvatting - summary, lijsten en bijlagen
=648  \0$a17th Century (1601-1700)$1http://www.wikidata.org/entity/Q7016$920923
=648  \0$a18th Century (1701-1800)$1http://www.wikidata.org/entity/Q7015$920899
=650  \0$aFlute$1http://www.wikidata.org/entity/Q11405$921276
=650  \0$aRecorder$1http://www.wikidata.org/entity/Q187851$91903
=651  \0$aNetherlands$1http://www.wikidata.org/entity/Q55$9173
=942  \\$cBOO
=952  \\$00$10$2ddc$40$6INS_6B_NL$70$8INS$96208$aORPH$bORPH$cKTS0$d2020-07-08$eKoopman$i31B16a$oINS6b NL$p20121117$r2021-01-12 00:00:00$w2021-01-12$yBOO
=952  \\$00$10$2ddc$40$6INS_6B_NL$70$8INS$920963$aORPH$bORPH$cKTS0$d2020-07-08$eKoopman$i31B16b$oINS6b NL$p20121116$r2021-11-12 00:00:00$w2021-01-12$yBOO
=999  \\$d6209

