=LDR  00977aam a2200229   4500
=001  6211
=008  220812s1943\\\\||||||||\||||\00|\0bfre\d
=041  \\$afre
=100  \\$aBouvier, R.$4aut$99845
=245  \\$aFarinelli, le chanteur des Rois
=260  \\$aParis$bMichel$c1943
=600  00$aFarinelli, Carlo Broschi$d1705-1782$99384
=648  \0$a18th Century (1701-1800)$1http://www.wikidata.org/entity/Q7015$920899
=650  \0$aCastrato$1http://www.wikidata.org/entity/Q210970$92704
=650  \0$aBiography$1http://www.wikidata.org/entity/Q36279$91927
=650  \0$aCourt$922191
=651  \0$aItaly$1http://www.wikidata.org/entity/Q38$922
=651  \0$aLondon (United Kingdom)$1http://www.wikidata.org/entity/Q84$9123
=651  \0$aSpain$1http://www.wikidata.org/entity/Q29$920983
=942  \\$cBOO
=952  \\$00$10$2ddc$40$6BIO_FARI1_D$70$8BIO$96210$aORPH$bORPH$cKTS1_P$d2020-07-08$eKoopman$i32D32$oBIO FARI1 d$p20123113$r2021-01-12 00:00:00$w2021-01-12$yBOO$OKoopman
=999  \\$d6211

