=LDR  00850cam a2200217   4500
=001  6213
=005  20250120120917.0
=008  720728s1972\\\\nyua\\\\\d\\\\001\0\eng\\
=020  \\$a0911572082
=040  \\$aOI
=100  \\$aBowers, Q. David$4aut$99847
=245  10$aEncyclopedia of Automatic Musical Instruments
=260  \\$aNew York$bVestal Press$c1972
=300  \\$a1008 pages$bill.$c29 cm.
=336  \\$aprinted
=650  \0$aMechanical device$1http://www.wikidata.org/entity/Q1882685$92247
=650  \1$aAutomaton$1http://www.wikidata.org/entity/Q787116$923484
=650  \0$aMechanical musical instrument$1http://www.wikidata.org/entity/Q8614972$926213
=942  \\$cBOO
=952  \\$00$10$2ddc$40$6INS_10_900000000000000_A$70$8INS$96212$aORPH$bORPH$cKTS0$d2020-07-08$eKoopman$i21G43$oINS10.9 a$p20125572$r2021-01-12 00:00:00$w2021-01-12$yBOO
=999  \\$d6213

