=LDR  01748aam a2200289   4500
=001  6219
=005  20250925143257.0
=008  220201s1965\\\\|||gf|||\||||\00|\0\eng\d
=041  \\$aeng
=100  \\$aBoyden, David D.$4aut$916079
=245  \\$aThe History of Violin Playing from its Origins to 1761$band its Relationship to the Violin and Violin Music
=260  \\$aLondon$aNew York$aToronto$bOxford University Press$c1965
=300  \\$axiv-570 pages$evinyl record, 7", 33 1/3 rpm
=500  \\$aA vinyl record contains "Comparative examples examples played by Alan Loveday to illustrate the book of the same title by David D. Boyden." They are by Vivaldi, Biber, Geminiani, J. S. Bach, Veracini, Handel, Corelli, Muffat, Zannetti, Locatelli, L. Mozart, Walther, Leclair, Guiillemain, and Le Fils
=648  \0$a16th Century (1501-1600)$1http://www.wikidata.org/entity/Q7017$920944
=648  \0$a17th Century (1601-1700)$1http://www.wikidata.org/entity/Q7016$920923
=648  \0$a18th Century (1701-1800)$1http://www.wikidata.org/entity/Q7015$920899
=648  \0$a19th Century (1801-1900)$1http://www.wikidata.org/entity/Q6955$920935
=648  \0$a20th Century (1901-2000)$1http://www.wikidata.org/entity/Q6927$920936
=650  \0$aViolin$1http://www.wikidata.org/entity/Q8355$92783
=650  \0$aOrganology$1http://www.wikidata.org/entity/Q899293$921400
=650  \0$aMusic history$1http://www.wikidata.org/entity/Q846047$921373
=651  \0$aEurope$1http://www.wikidata.org/entity/Q46$991
=700  \\$4prf$aLoveday, Alan$eViolin$923619
=942  \\$cBOO
=952  \\$00$10$2ddc$40$6INS_4_000000000000000_1D_BOYD$70$8INS$96218$aORPH$bORPH$cKTS0$d2020-07-08$eKoopman$i30A05$oINS4.1d BOYD$p20123443$r2021-01-12 00:00:00$w2021-01-12$yBOO
=999  \\$d6219

