=LDR  01495aam a2200253   4500
=001  6222
=008  240619b\\\\\\\\||||||||\||||\00|\0bger\d
=041  \\$ager
=100  \\$aBrachvogel, Albert Emil$d1824-1878$4aut$98913
=245  \\$aFriedemann Bach.$bRoman
=260  \\$aLeipzig$bHesse & Becker$c192x
=490  \\$aRomane der Welt-Literatur
=520  \\$aBis ins 20. Jahrhundert wurde der biografische Roman Friedemann Bach viel gelesen, der viel zur schlechten Reputation dieses Komponisten beitrug. Dieser Roman entbehrt in seiner Handlung jeder sachlichen Grundlage und ist reine Fiktion, fand aber große Beachtung und wurde 1931 von Paul Graener als Oper bearbeitet und 1941 mit Gustaf Gründgens in der Hauptrolle verfilmt. 
=534  \\$aOriginally published in 1858
=600  \0$aBach, Wilhelm Friedemann$d1710-1784$1http://www.wikidata.org/entity/Q107277$99331
=648  \0$a18th Century (1701-1800)$1http://www.wikidata.org/entity/Q7015$920899
=648  \0$a19th Century (1801-1900)$1http://www.wikidata.org/entity/Q6955$920935
=650  \0$aComposer$1http://www.wikidata.org/entity/Q36834$93625
=650  \0$aBiography$1http://www.wikidata.org/entity/Q36279$91927
=650  \0$aNovel$1http://www.wikidata.org/entity/Q8261$921629
=651  \0$aGermany$1http://www.wikidata.org/entity/Q183$9155
=942  \\$cBOO
=952  \\$00$10$2ddc$40$6BIO_BACH12_D$70$8BIO$96221$aORPH$bORPH$cKTS1_P$d2020-07-08$eKoopman$i31D34$oBIO BACH12 d$p20121048$r2021-01-12 00:00:00$w2021-01-12$yBOO
=999  \\$d6222

