=LDR  01957aam a2200313   4500
=001  6225
=005  20251003085456.0
=008  210322s1980\\\\\\\aoc||\c|||\00|\0ddut\d
=041  \\$adut
=100  \\$aBraekman, E. M.$4aut$99859
=245  \\$aHet protestantisme te Brussel:$bvan de oorsprong tot aan het overlijden van Leopold I
=260  \\$aBrussels$bKoninklijke Bibliotheek 'Albert I'$c1980
=300  \\$ax-133 pages
=500  \\$aExhibition organised to mark 175th anniversary of government recognition of Brussels Protestant Church
=590  \\$aTentoonstelling ingericht ter gelegenheid van de 175ste verjaardag van de erkenning van de Protestantse Kerk van Brussel door de overheid. Brussel, Koninklijke Bibliotheek Albert I, 16.2-27.3.1980
=648  \0$aRenaissance (1400-1600)$1http://www.wikidata.org/entity/Q4692$920965
=648  \0$a17th Century (1601-1700)$1http://www.wikidata.org/entity/Q7016$920923
=648  \0$a18th Century (1701-1800)$1http://www.wikidata.org/entity/Q7015$920899
=648  \0$a19th Century (1801-1900)$1http://www.wikidata.org/entity/Q6955$920935
=650  \0$aCatalogue$1http://www.wikidata.org/entity/Q2352616$921484
=650  \0$aProtestantism$1http://www.wikidata.org/entity/Q23540$921012
=650  \0$aExhibition$1http://www.wikidata.org/entity/Q464980$925353
=650  \0$aHistory$1http://www.wikidata.org/entity/Q309$921403
=650  \0$aReligion$1http://www.wikidata.org/entity/Q9174$93062
=651  \0$aBrussels (Belgium)$1http://www.wikidata.org/entity/Q239$937
=856  \\$uhttps://www.google.com/url?sa=t&source=web&rct=j&opi=89978449&url=https://theologienet.nl/bestanden/braekman-brussel-protestantisme.pdf&ved=2ahUKEwiTg6Pxy_eKAxVETaQEHR4MLzwQFnoECCMQAQ&usg=AOvVaw0DRsq5NwYTJGmePgX92Qx2
=942  \\$cBOO
=952  \\$00$10$2ddc$40$6TOP_BE_BRU1_4_000000000000000$70$8TOP$96224$aORPH$bORPH$cKTS0$d2020-07-08$eKoopman$i43C40$l0$oTOP BE.BRU1 4$p20127167$r2021-01-12 00:00:00$w2021-01-12$yBOO
=999  \\$d6225

