=LDR  00946aam a2200205   4500
=001  6228
=008  250331s1999\\\\|||g||||\||||\00|\0dita\d
=041  \\$aita
=100  \\$aPaul Brainard$d1928-2004$4aut$921854
=245  \\$aLe sonate per violino di Giuseppe Tartini
=260  \\$aMilan$bAccademia Tartiniana di Padova$c1975
=490  \\$aStudi e richerche dell'Accademia Tartiniana Padova
=600  \0$aTartini, Giuseppe$d1692-1770$1http://www.wikidata.org/entity/Q108555$95536
=648  \0$a18th Century (1701-1800)$1http://www.wikidata.org/entity/Q7015$920899
=650  \0$aSonata$1http://www.wikidata.org/entity/Q131269$921653
=650  \0$aViolin$1http://www.wikidata.org/entity/Q8355$92783
=651  \0$aItaly$1http://www.wikidata.org/entity/Q38$922
=942  \\$cBOO
=952  \\$00$10$2ddc$40$6BIO_TART_C$70$8BIO$96227$aORPH$bORPH$cKTS1_P$d2020-07-08$eKoopman$i21F24$l0$oBIO TART c$p20125483$r2021-01-12 00:00:00$w2021-01-12$yBOO$OKoopman
=999  \\$d6228

