=LDR  01340nam a2200289 p 4500
=001  6229
=005  20250925143257.0
=008  800320s1979\\\\ne\a\\\\\b\\\\001\0bdut\\
=020  \\$a9027489467 :$cfl 34.50
=040  \\$aOI
=041  \\$adut
=100  \\$aBrandhof, Marijke van den$4aut$99862
=245  14$aEen vroege Vermeer uit 1937:$bachtergronden van leven en werken van de schilder/vervalser Han van Meegeren
=260  \\$aUtrecht$bSpectrum$c1979
=300  \\$a168 pages$bwith illustrations$c22 cm
=504  \\$aBibliography of works by Han van Meegeren: p. 153-163.
=504  \\$aBibliography: p. 147-152.
=600  \0$aMeegeren, Han van$d1889-1947$1http://www.wikidata.org/entity/Q436161$99863
=600  \0$aVermeer, Johannes$d1632-1675$1http://www.wikidata.org/entity/Q41264$99652
=648  \0$a20th Century (1901-2000)$1http://www.wikidata.org/entity/Q6927$920936
=650  \0$aFine art$1http://www.wikidata.org/entity/Q219625$921579
=650  \0$aForgery$1http://www.wikidata.org/entity/Q1332286$922153
=650  \0$aBiography$1http://www.wikidata.org/entity/Q36279$91927
=651  \0$aNetherlands$1http://www.wikidata.org/entity/Q55$9173
=942  \\$cBOO
=952  \\$00$10$2ddc$40$6BIO_MEEG_D$70$8BIO$96228$aORPH$bORPH$cKTS1_P$d2020-07-08$eKoopman$i23G43$oBIO MEEG d$p20125740$r2021-01-12 00:00:00$w2021-01-12$yBOO
=999  \\$d6229

