=LDR  01233cam a22002531  4500
=001  6231
=005  20250120115932.0
=008  770726s1969\\\\ne\c\\\\\\\\\\000\0bdut\\
=040  \\$aOI
=041  \\$adut
=100  \\$aBrandt, Gerard$d1626-1685$4aut$1http://www.wikidata.org/entity/Q2280680$98985
=245  10$aPieter Corneliszoon Hooft, "Deez vermaarde man," 1581/1647
=250  \\$aRepr.
=260  \\$aAmsterdam$bUniversity Press$c1969
=300  \\$a68 pages
=500  \\$a[Door] Geeraardt Brandt en Reyer Anslo.  Ingeleid door W. Heillinga en P. Tuynman.
=505  0\$a't Leeven van den Weleedelen, gestrengen, grootachtbaaren Heere, Pieter Corneliszoon Hooft, beschreeven door G. Brandt.--Lykreede over den heer P. C. Hooft, door G. Brandt.--Muyden in rou.  Over de doodt van den heer P. C. Hooft, door R. Anslo.
=600  10$aHooft, P. C.$q(Pieter Corneliszoon)$d1581-1647
=700  \\$aAnslo, Reyer$d1622/26-1669$1http://www.wikidata.org/entity/Q5557614$920858
=700  \\$aHeillinga, W.$4win$920859
=700  \\$aTuynman, P.$4win$920860
=942  \\$cBOO
=952  \\$00$10$2ddc$40$6BIO_HOOF_B$70$8BIO$96230$aORPH$bORPH$cKTS1_P$d2020-07-08$eKoopman$i19G13$l0$oBIO HOOF b$p20125204$r2021-01-12 00:00:00$w2021-01-12$yBOO
=999  \\$d6231

