=LDR  00874    a2200205   4500
=001  6232
=003  OI
=005  20250905114721.0
=008  210226b\\\\\\\\be\|||||\||||\00|\0\eng\d
=040  \\$aBF
=100  \\$aBrandt, Gerard$d1626-1685$4aut$1http://www.wikidata.org/entity/Q2280680$98985
=245  \\$aHet Leven van Pieter Corn. Hooft en de Lykreeden
=260  \\$c1932$aThe Hague$bNijhoff
=300  \\$a74 p.
=600  \0$aHooft, P. C.$d1581-1647$1http://www.wikidata.org/entity/Q10914484$95139
=700  \\$4edt$aLeendertz, P.$eEditor$912328
=856  \\$uhttps://www.delpher.nl/nl/boeken/view?coll=boeken&identifier=MMKB05:000031292:00001$3National Library of the Netherlands
=942  \\$cBOO$2ddc
=952  \\$00$10$2ddc$40$6BIO_HOOF_E$70$8BIO$96231$aORPH$bORPH$cKTS1_P$d2020-07-08$eKoopman$i33G30$l0$oBIO HOOF e$p20122679$r2021-01-12 00:00:00$w2021-01-12$yBOO
=999  \\$c6232$d6232

