=LDR  01170aam a2200241   4500
=001  6233
=005  20250926134854.0
=008  230510s1950\\\\||||||||\||||\00|\0\dut\d
=041  \\$adut
=100  \\$aBrandts Buys, Hans$d1905-1959$4aut$98761
=245  \\$aDe passies van Johann Sebastian Bach
=250  \\$a[1st ed.]
=260  \\$aLeiden$bStafleu$c1950
=300  \\$a379 pages
=500  \\$aJohann Sebastian Brandts Buijs (1905-1959), known as Hans Brandts Buys, was a Dutch conductor, harpsichordist, music author, composer and leading expert on the work and life of Johann Sebastian Bach.
=600  \0$1http://www.wikidata.org/entity/Q1339$aBach, Johann Sebastian$d1685-1750$94766
=648  \0$1http://www.wikidata.org/entity/Q7015$a18th Century (1701-1800)$920899
=650  \0$1http://www.wikidata.org/entity/Q781815$aPassion$92006
=650  \0$1http://www.wikidata.org/entity/Q846047$aMusic history$921373
=651  \0$1http://www.wikidata.org/entity/Q2079$aLeipzig (Germany)$945
=942  \\$cBOO
=952  \\$00$10$2ddc$40$6BIO_BACH1_E$70$8BIO$96232$aORPH$bORPH$cKTS1_P$d2020-07-08$eKoopman$i32A17$oBIO BACH1 e$p20120988$r2021-01-12 00:00:00$w2021-01-12$yBOO
=999  \\$d6233

