=LDR  01335aam a2200277   4500
=001  6234
=005  20250926134854.0
=008  230918s1984\\\\||||||||\||||\00|\0\dut\d
=020  \\$a9031306770
=041  \\$adut
=100  \\$aBrandts Buys, Hans$d1905-1959$4aut$98761
=245  \\$aHet Wohltemperirte Clavier van Johann Sebastian Bach
=250  \\$a4th ed.
=260  \\$aUtrecht$aAntwerp$bBohn, Scheltema & Holkema$c1984
=534  \\$aOriginally published in 1942
=600  \0$1http://www.wikidata.org/entity/Q1339$aBach, Johann Sebastian$d1685-1750$94766
=648  \0$1http://www.wikidata.org/entity/Q7015$a18th Century (1701-1800)$920899
=650  \0$1http://www.wikidata.org/entity/Q211971$aDas wohltemperierte Klavier$924051
=650  \0$1http://www.wikidata.org/entity/Q105715630$aKeyboard music$921412
=650  \0$1http://www.wikidata.org/entity/Q1544924$aMusical analysis$92775
=650  \0$1http://www.wikidata.org/entity/Q1344860$aHistorically informed performance$920980
=651  \0$1http://www.wikidata.org/entity/Q183$aGermany$9155
=700  \\$1http://www.wikidata.org/entity/Q51584$4win$aLeonhardt, Gustav$d1928-2012$917151
=942  \\$cBOO
=952  \\$00$10$40$6BIO_BACH1_E$70$8BIO$96233$aORPH$bORPH$cKTS1_P$d2020-07-08$eKoopman$i32A18$oBIO BACH1 e$p20120987$r2021-01-12 00:00:00$w2021-01-12$yBOO$OKoopman
=999  \\$d6234

