=LDR  00960aam a2200229   4500
=001  6235
=005  20250926134854.0
=008  230918s1950\\\\||||||||\||||\00|\0bger\d
=041  \\$ager
=100  \\$aBrandts Buys, Hans$d1905-1959$4aut$98761
=245  \\$aJohann Sebastian Bach:$b48 Praeludia
=250  \\$a[1st ed.]
=260  \\$aHaarlem$aAntwerp$bGottmer$c1950
=490  \\$aComponisten-serie$v13
=600  \0$1http://www.wikidata.org/entity/Q1339$aBach, Johann Sebastian$d1685-1750$94766
=648  \0$1http://www.wikidata.org/entity/Q7015$a18th Century (1701-1800)$920899
=650  \0$1http://www.wikidata.org/entity/Q36834$aComposer$93625
=650  \0$1http://www.wikidata.org/entity/Q36279$aBiography$91927
=651  \0$1http://www.wikidata.org/entity/Q183$aGermany$9155
=942  \\$cBOO
=952  \\$00$10$2ddc$40$6BIO_BACH1_D$70$8BIO$96234$aORPH$bORPH$cKTS1_P$d2020-07-08$eKoopman$i38F08$oBIO BACH1 d$p20122350$r2021-01-12 00:00:00$w2021-01-12$yBOO
=999  \\$d6235

