=LDR  00902aam a2200205   4500
=001  6236
=005  20251003085456.0
=008  220117s1982\\\\gw\af|||\||||\00|\0\ger\d
=041  \\$ager
=100  \\$aBrauers, Jan$4aut$99867
=245  \\$aMuseum für mechanische Musikinstrumente Baden-Baden
=260  \\$aBaden-Baden$bWestermann$c1982
=300  \\$a128 pages
=650  \1$aAutomaton$1http://www.wikidata.org/entity/Q787116$923484
=650  \0$aMechanical device$1http://www.wikidata.org/entity/Q1882685$92247
=650  \0$aCatalogue$1http://www.wikidata.org/entity/Q2352616$921484
=710  \\$aDeutsches Musikautomaten-Museum (Baden-Baden, Germany)$1http://www.wikidata.org/entity/Q1205844$923487
=942  \\$cBOO
=952  \\$00$10$2ddc$40$6INS_10_000000000000000_9A_DE_BAD$70$8INS$96235$aORPH$bORPH$cKTS0$d2020-07-08$eKoopman$i20D27$oINS10.9a DE.BAD$p20125316$r2021-01-12 00:00:00$w2021-01-12$yBOO
=999  \\$d6236

