=LDR  01009cam a2200229 a 4500
=001  6240
=005  20250212090644.0
=008  880425s1987\\\\gw\ag\\\\b\\\\001\0\ger\\
=040  \\$aOI
=041  \\$ager
=100  \\$aBraun, Werner$d1926-2012$4aut$99869
=245  10$aVom Remter zum Gänsemarkt:$baus der Frühgeschichte der alten Hamburger Oper, 1677-1697
=260  \\$aSaarbrücken$bSaarbrücker Druckerei und Verlag$c1987
=300  \\$a207 pages$bill., music ;$c24 cm.
=490  \\$aSaarbrücker Studien zur Musikwissenschaft. Neue Folge$v1
=504  \\$aBibliography: p. 157-172.
=648  \0$a17th Century (1601-1700)$1http://www.wikidata.org/entity/Q7016$920923
=650  \0$aOpera$1http://www.wikidata.org/entity/Q1344$92468
=651  \0$aHamburg (Germany)$1http://www.wikidata.org/entity/Q1055$921940
=942  \\$cBOO
=952  \\$00$10$2ddc$40$6TOP_DE_HAM_5_000000000000000$70$8TOP$96239$aORPH$bORPH$cKTS0$d2020-07-08$eKoopman$i19D30$oTOP DE.HAM 5$p20127838$r2021-01-12 00:00:00$w2021-01-12$yBOO
=999  \\$d6240

