=LDR  01294aam a2200241   4500
=001  6241
=008  250211s1960\\\\|||ga|||\m|||\00|\0\ger\d
=041  \\$ager
=100  \\$aBraun, Werner$d1926-2012$1http://www.wikidata.org/entity/Q1498316$99869
=245  \\$aDie mitteldeutsche Choralpassion im achtzehnten Jahrhundert
=260  \\$c1960$aBerlin$bEvangelische Verlagsanstalt
=300  \\$a228 pages
=500  \\$aBased on the dissertation with the same title by Braun, 1958, Philosophische Fakultät, Martin-Luther-Universität Halle-Wittenberg
=648  \0$a18th Century (1701-1800)$1http://www.wikidata.org/entity/Q7015$920899
=650  \0$aChorale$1http://www.wikidata.org/entity/Q724473$921334
=650  \0$aPassion$1http://www.wikidata.org/entity/Q781815$92006
=650  \0$aLiturgy$1http://www.wikidata.org/entity/Q172331$92284
=650  \0$aProtestantism$1http://www.wikidata.org/entity/Q23540$921012
=650  \0$aChurch music$1http://www.wikidata.org/entity/Q8812109$1http://www.wikidata.org/entity/Q1065742$92283
=651  \0$aGermany$1http://www.wikidata.org/entity/Q183$9155
=942  \\$cBOO
=952  \\$00$10$2ddc$40$6TOP_DE_5_000000000000000$70$8TOP$96240$aORPH$bORPH$cKTS0$d2020-07-08$eKoopman$i20B51$l0$oTOP DE 5$p20127948$r2021-01-12 00:00:00$w2021-01-12$yBOO$OKoopman
=999  \\$d6241

