=LDR  00724    a2200181   4500
=001  6243
=008  210624s1996\\\\\\\|||||\||||\00|\0\ger\d
=020  \\$a3890070345
=041  \\$ager
=100  \\$aBraun, Werner$d1926-2012$4aut$99869
=245  \\$aDie Musik des 17. Jahrhunderts
=260  \\$aLaaber$bLaaber-Verlag$c1996
=490  \\$aNeues Handbuch der Musikwissenschaft$v4
=648  \0$a17th Century (1601-1700)$1http://www.wikidata.org/entity/Q7016$920923
=650  \0$aMusic history$1http://www.wikidata.org/entity/Q846047$921373
=942  \\$cBOO
=952  \\$00$10$2ddc$40$6GHM_5_000000000000000$70$8GHM$96242$aORPH$bORPH$cKM12_1$d2020-07-08$eKoopman$i28C12$l0$oGHM 5$p20121428$r2021-01-12 00:00:00$w2021-01-12$yBOO
=999  \\$c6243$d6243

