=LDR  01154aam a2200253   4500
=001  6244
=008  220907s1990\\\\||||||||\||||\00|\0bdut\d
=020  \\$a9068011944
=041  \\$adut$hger
=100  \\$aBraunbehrens, Volkmar$d1941-$4aut$99871
=245  \\$aSalieri, een musicus in de schaduw van Mozart
=260  \\$aBaarn$bde Prom$c1990
=534  \\$aOriginally published in 1989
=600  \0$aSalieri, Antonio$d1750-1825$1http://www.wikidata.org/entity/Q51088$96337
=648  \0$a18th Century (1701-1800)$1http://www.wikidata.org/entity/Q7015$920899
=648  \0$a19th Century (1801-1900)$1http://www.wikidata.org/entity/Q6955$920935
=650  \0$aComposer$1http://www.wikidata.org/entity/Q36834$93625
=650  \0$aBiography$1http://www.wikidata.org/entity/Q36279$91927
=651  \0$aVienna (Austria)$1http://www.wikidata.org/entity/Q1741$920937
=700  \\$4trl$aBuckinx, T.$924851
=765  \\$aSalieri. Ein Musiker im Schatten Mozarts? Eine Biografie
=942  \\$cBOO
=952  \\$00$10$2ddc$40$6BIO_SALI_D$70$8BIO$96243$aORPH$bORPH$cKTS1_P$d2020-07-08$eKoopman$i23G20$oBIO SALI d$p20125760$r2021-01-12 00:00:00$w2021-01-12$yBOO$OKoopman
=999  \\$d6244

