=LDR  01207cam a2200289 a 4500
=001  6245
=005  20250121142120.0
=008  960730s1995\\\\gw\ag\\\\b\\\\001\0bger\\
=020  \\$a3795208084
=035  \\$a(OCoLC)34165933
=040  \\$aOI
=041  \\$ager
=100  \\$aBrauner, Jürgen$99872$4aut
=245  10$aStudien zu den Klaviertrios von Joseph Haydn
=246  18$aKlaviertrios von Joseph Haydn
=260  \\$aTutzing$bSchneider$c1995
=300  \\$axi-492 pages$btables, music$c24 cm
=490  \\$aWürzburger musikhistorische Beiträge$v15
=504  \\$aIncludes bibliographical references and indexes.
=600  \0$aHaydn, Joseph$d1732-1809$1http://www.wikidata.org/entity/Q7349$94783
=648  \0$a18th Century (1701-1800)$1http://www.wikidata.org/entity/Q7015$920899
=650  \0$aPiano trio$1http://www.wikidata.org/entity/Q1414262$926116
=651  \0$aEisenach (Germany)$1http://www.wikidata.org/entity/Q7070$922310
=651  \0$aEszterháza (Hungary)$1http://www.wikidata.org/entity/Q667208$923790
=942  \\$cBOO
=952  \\$00$10$2ddc$40$6BIO_HAYD1_E$70$8BIO$96244$aORPH$bORPH$cKTS1_P$d2020-07-08$eKoopman$i38F14$oBIO HAYD1 e$p20122316$r2021-01-12 00:00:00$w2021-01-12$yBOO
=999  \\$d6245

