=LDR  01441aam a2200253   4500
=001  6247
=008  241205s1967\\\\||||||||\||||\00|\p\dut\d
=041  \\$adut
=100  \\$aHeijden, Marcel van der$d1931-$1http://www.wikidata.org/entity/Q2236308$4edt$4win$910337
=245  \\$aDe ziel van den poëet vertoont zich in zijn dichten:$blyriek van vier Amsterdamse dichters uit de 17e eeuw
=260  \\$c1967$aUtrecht$bHet Spectrum
=300  \\$a333 pages
=490  \\$aSpectrum van de Nederlandse letterkunde$v9
=505  \\$gLied-boeck / G.A. Bredero -- Sonnetten / P.C. Hooft -- Kleine gedichten / J. van den Vondel -- Duytse lier / J. Luyken
=648  \0$a17th Century (1601-1700)$1http://www.wikidata.org/entity/Q7016$920923
=650  \0$aPoetry$1http://www.wikidata.org/entity/Q482$93026
=651  \0$aAmsterdam (Netherlands)$1http://www.wikidata.org/entity/Q727$9135
=700  \\$aBredero, Gerbrand Adriaenszoon$d1585-1618$1http://www.wikidata.org/entity/Q560740$4aut$94858
=700  \\$aHooft, P. C.$d1581-1647$1http://www.wikidata.org/entity/Q10914484$4aut$95139
=700  \\$aVondel, Joost van den$d1587-1679$1http://www.wikidata.org/entity/Q312673$4aut$95247
=700  \\$aLuyken, Jan$d1649-1712$1http://www.wikidata.org/entity/Q87466$4aut$924695
=942  \\$cBOO
=952  \\$00$10$2ddc$40$6LIT_BRED_A$70$8LIT$96246$aORPH$bORPH$cKM12_2_H$d2020-07-08$eKoopman$i40H07$oLIT BRED a$p20122214$r2021-01-12 00:00:00$w2021-01-12$yBOO
=999  \\$d6247

