=LDR  00899aam a2200205   4500
=001  6248
=008  220822s1968\\\\||||||||\||||\00|\p\dut\d
=041  \\$adut
=100  \\$aBredero, Gerbrand Adriaenszoon$d1585-1618$4aut$1http://www.wikidata.org/entity/Q560740$94858
=245  \\$aGroot Lied-boek van G.A. Brederode
=246  \1$aGroot Liedt-Boeck
=260  \\$aRotterdam$bDonker$c1968
=590  \\$anaar de oorspronkelijke uitgave van 1622
=648  \0$a17th Century (1601-1700)$1http://www.wikidata.org/entity/Q7016$920923
=650  \0$aSong$1http://www.wikidata.org/entity/Q7366$94164
=650  \0$aPoetry$1http://www.wikidata.org/entity/Q482$93026
=651  \0$aNetherlands$1http://www.wikidata.org/entity/Q55$9173
=942  \\$cBOO
=952  \\$00$10$2ddc$40$6LIT_BRED_A$70$8LIT$96247$aORPH$bORPH$cKM12_2_H$d2020-07-08$eKoopman$i22F23$oLIT BRED a$p20128833$r2021-01-12 00:00:00$w2021-01-12$yBOO
=999  \\$d6248

