=LDR  00364    a2200109   4500
=001  6249
=100  \\$aBree, R. de$99877
=245  \\$aMr. Rhijnvis Feith 250 jaar
=260  \\$c2003
=942  \\$cBOO
=952  \\$00$10$2ddc$40$6BIO_FEIT_C$70$8BIO$96248$aORPH$bORPH$cKTS1_P$d2020-07-08$eKoopman$i41D03$l0$oBIO FEIT c$p20120168$r2021-01-12 00:00:00$w2021-01-12$yBOO$OKoopman
=999  \\$c6249$d6249

