=LDR  00936aam a2200205   4500
=001  6250
=008  220901s1967\\\\||||||||\||||\00|\0\ger\d
=041  \\$ager
=100  \\$aBreig, Werner$4aut$99878
=245  \\$aDie Orgelwerke von Heinrich Scheidemann
=260  \\$aWiesbaden$bSteiner$c1967
=490  \\$aBeihefte zum Archiv für Musikwissenschaft$v3
=600  \0$aScheidemann, Heinrich$dc. 1595-1663$1http://www.wikidata.org/entity/Q61273$910510
=648  \0$a17th Century (1601-1700)$1http://www.wikidata.org/entity/Q7016$920923
=650  \0$aOrgan music$1http://www.wikidata.org/entity/Q2003283$91951
=650  \0$aMusical analysis$1http://www.wikidata.org/entity/Q1544924$92775
=651  \0$aGermany$1http://www.wikidata.org/entity/Q183$9155
=942  \\$cBOO
=952  \\$00$10$2ddc$40$6BIO_SCHE1_E$70$8BIO$96249$aORPH$bORPH$cKTS1_P$d2020-07-08$eKoopman$i23F30$oBIO SCHE1 e$p20128675$r2021-01-12 00:00:00$w2021-01-12$yBOO$OKoopman
=999  \\$d6250

