=LDR  01072aam a2200205   4500
=001  6252
=008  250324s1976\\\\||||||||\b|||\00|\0\ger\d
=100  \\$aBremer, Heinz$1http://www.wikidata.org/entity/Q67474158$99880$4aut
=245  \\$aMusikunterricht und Musikpflege an den niederrheinischen Lateinschulen im Späthumanismus (1570-1700)
=260  \\$c1976$aCologne$bVolk
=300  \\$ax-252 pages
=490  \\$aBeiträge zur Rheinischen Musikgeschichte$v110
=648  \0$a16th Century (1501-1600)$1http://www.wikidata.org/entity/Q7017$920944
=648  \0$a17th Century (1601-1700)$1http://www.wikidata.org/entity/Q7016$920923
=650  \0$aMusic education$1http://www.wikidata.org/entity/Q27908$921766
=650  \0$aMusic history$1http://www.wikidata.org/entity/Q846047$921373
=651  \0$aLower Rhine (Germany)$1http://www.wikidata.org/entity/Q445609$927171
=942  \\$cBOO
=952  \\$00$10$2ddc$40$6TOP_DE_NIE2_4_000000000000000$70$8TOP$96251$aORPH$bORPH$cKTS0$d2020-07-08$eKoopman$i33E52$l0$oTOP DE.NIE2 4$p20120937$r2021-01-12 00:00:00$w2021-01-12$yBOO$OKoopman
=999  \\$d6252

