=LDR  00957aam a2200205   4500
=001  6256
=008  250115s1973\\\\||||||||\||||\00|\0beng\d
=041  \\$aeng
=100  \\$aBrennecke, Ernest$bjr.$99882$4aut
=245  \\$aJohn Milton the Elder and His Music
=260  \\$aNew York, NY$bOctagon$c1973
=490  \\$aColumbia University studies in musicology$v2
=600  \0$aMilton, John$d1608-1674$1http://www.wikidata.org/entity/Q79759$96038
=648  \0$a17th Century (1601-1700)$1http://www.wikidata.org/entity/Q7016$920923
=650  \0$aComposer$1http://www.wikidata.org/entity/Q36834$93625
=650  \0$aBiography$1http://www.wikidata.org/entity/Q36279$91927
=651  \0$aUnited Kingdom$1http://www.wikidata.org/entity/Q21$1http://www.wikidata.org/entity/Q145$9273
=942  \\$cBOO
=952  \\$00$10$2ddc$40$6BIO_MILT_D$70$8BIO$96255$aORPH$bORPH$cKTS1_P$d2020-07-08$eKoopman$i31A16$oBIO MILT d$p20121156$r2021-01-12 00:00:00$w2021-01-12$yBOO$OKoopman
=999  \\$d6256

