=LDR  01222aam a2200229   4500
=001  6257
=008  230608s1953\\\\|||gf|||\b|||\001\0dger\d
=041  \\$ager
=100  \\$aBrennecke, Wilfired$d1926-2012$1http://www.wikidata.org/entity/Q2571133$4aut$99883
=245  \\$aDie Handschrift A.R. 940/41 der Proske-Bibliothek zu Regensburg.$bEin Beitrag zur Musikgeschichte im zweiten Drittel des 16. Jahrhunderts
=260  \\$aKassel$aBasel$bBärenreiter$c1953
=300  \\$a150-[12] pages
=490  \\$aSchriften des Landesinstituts für Musikforschung Kiel$v1
=610  \0$aBischöfliche Zentralbibliothek Regensburg (Germany)$91349
=648  \0$a16th Century (1501-1600)$1http://www.wikidata.org/entity/Q7017$920944
=650  \0$1http://www.wikidata.org/entity/Q87167$aManuscript$92275
=650  \0$aMusic history$1http://www.wikidata.org/entity/Q846047$921373
=650  \0$aVocal music$1http://www.wikidata.org/entity/Q685884$93319
=651  \0$aRegensburg (Germany)$1http://www.wikidata.org/entity/Q2978$9201
=942  \\$cBOO
=952  \\$00$10$2ddc$40$6TOP_DE_REG_4_000000000000000$70$8TOP$96256$aORPH$bORPH$cKTS0$d2020-07-08$eKoopman$i20B05$l0$oTOP DE.REG 4$p20128005$r2021-01-12 00:00:00$w2021-01-12$yBOO$OKoopman
=999  \\$d6257

