=LDR  01345nam a2200277 a 4500
=001  6265
=005  20250120120124.0
=008  980121s1997\\\\ne\a\\\\\\\\\\000\0\dut\\
=020  \\$a9065500251
=040  \\$aOI
=041  0\$adut$beng
=245  14$aHet Comburgse handschrift:$bHs. Stuttgart, Württembergische Landesbibliothek, Cod. poet. et phil. 2 ̊22
=260  \\$aHilversum$bVerloren$c1997
=300  \\$a2 vols (1562 pages)$bill.$c25 cm
=490  \\$aMiddeleeuwse verzamelhandschriften uit de Nederlanden
=546  \\$aText in Middle Dutch; commentary in Dutch; summary in English.
=590  \\$adiplomatische editie bezorgd door Herman Brinkman en Janny Schenkel
=648  \0$aMiddle Ages (500-1400)$1http://www.wikidata.org/entity/Q12554$920964
=650  \0$aPoetry$1http://www.wikidata.org/entity/Q482$93026
=650  \0$aManuscript$1http://www.wikidata.org/entity/Q87167$92275
=700  \\$aBrinkman, Herman$4edt$99896
=700  \\$aSchenkel, Janny$4edt$99897
=942  \\$cBOO
=952  \\$00$10$2ddc$3Band 1$40$6LIT_COMB_A$70$8LIT$96263$aORPH$bORPH$cKM12_2_H$d2020-07-08$eKoopman$i30D29_01$oLIT COMB a$p20121175$r2021-01-12 00:00:00$w2021-01-12$yBOO
=952  \\$00$10$2ddc$3Band 2$40$6LIT_COMB_A$70$8LIT$96264$aORPH$bORPH$cKM12_2_H$d2020-07-08$eKoopman$i30D29_02$oLIT COMB a$p20121174$r2021-01-12 00:00:00$w2021-01-12$yBOO
=999  \\$d6265

