=LDR  01771cam a22003737i 4500
=001  6267
=005  20250120120223.0
=008  150629t20152015ne\a\\\\\b\\\\001\m\dut\\
=020  \\$a9789087044633 (set)
=020  \\$a9087044631 (set)
=020  \\$a9789087045272 (band 1)
=020  \\$a9087045271 (band 1)
=020  \\$a9789087045289 (band 2)
=020  \\$a908704528X (band 2)
=040  \\$aOI$beng$erda
=041  0\$adut$adum
=245  04$aHet Gruuthuse-handschrift:$bHs. Den Haag, Koninklijke Bibliotheek, 79 K 10
=264  \1$aHilversum$bVerloren$c2015
=300  \\$a2 vols. :$billustrations ;$c25 cm.
=490  1\$aMiddeleeuwse verzamelhandschriften uit de Nederlanden$x0929-9866$vXIII, 1-2
=546  \\$aIn Dutch; text of the manuscript in Middle Dutch.
=590  \\$aingeleid en kritisch uitgegeven door Herman Brinkman ; met een uitgave van de melodieën door Ike de Loos.
=648  \0$aMiddle Ages (500-1400)$1http://www.wikidata.org/entity/Q12554$920964
=650  \0$aPoetry$1http://www.wikidata.org/entity/Q482$93026
=650  \0$aSong$1http://www.wikidata.org/entity/Q7366$94164
=651  \0$aNetherlands$1http://www.wikidata.org/entity/Q55$9173
=700  \\$aBrinkman, Herman$4edt$99896
=700  \\$aLoos, Ike de$4edt$99899
=710  \\$aKoninklijke Bibliotheek (The Hague, Netherlands)$91254
=830  \0$9395$aMiddeleeuwse verzamelhandschriften uit de Nederlanden ;$v13, 1-2.
=942  \\$cBOO
=952  \\$00$10$2ddc$40$6LIT_GRUU_A$70$8LIT$96265$aORPH$bORPH$cKM12_2_H$d2020-07-08$eKoopman$i45C25-1$oLIT GRUU a$p20127339$r2021-01-12 00:00:00$w2021-01-12$yBOO
=952  \\$00$10$2ddc$40$6LIT_GRUU_A$70$8LIT$96266$aORPH$bORPH$cKM12_2_H$d2020-07-08$eKoopman$i45C25-2$oLIT GRUU a$p20127338$r2021-01-12 00:00:00$w2021-01-12$yBOO
=999  \\$c6267$d6267

