=LDR  01146aam a2200265 i 4500
=001  6275
=005  20251031125554.0
=008  750813s1975\\\\nyuacgh\\b\\\\001\0\eng\\
=020  \\$a0025693905
=040  \\$aOI
=041  \\$aeng
=100  1\$aLawrence, Vera Brodsky$4aut$941708
=245  10$aMusic for Patriots, Politicians, and Presidents:$bHarmonies and Discords of the First Hundred Years
=260  \\$aNew York$aLondon$bMacmillan$c1975
=300  \\$a480 pages
=504  \\$aIncludes bibliographical references and index.
=650  \0$aMusic history$1http://www.wikidata.org/entity/Q846047$921373
=650  \0$aPolitics$1http://www.wikidata.org/entity/Q7163$921826
=650  \0$aPatriotism$1http://www.wikidata.org/entity/Q6241$926989
=650  \0$aMilitary history$1http://www.wikidata.org/entity/Q192781$93874
=650  \0$aSong$1http://www.wikidata.org/entity/Q7366$94164
=651  \0$aUSA$1http://www.wikidata.org/entity/Q30$943
=942  \\$cBOO
=952  \\$00$10$2ddc$40$6TOP_US_5_000000000000000$70$8TOP$96274$aORPH$bORPH$cKTS0$d2020-07-08$eKoopman$i25F30$l0$oTOP US 5$p20129401$r2021-01-12 00:00:00$w2021-01-12$yBOO$OKoopman
=999  \\$d6275

