=LDR  01358aam a2200217   4500
=001  6280
=005  20250920142107.0
=008  211223s1991\\\\\\\|||||\||||\00|\0\swe\d
=041  \\$aswe
=245  \\$aBarockorgeln i Hagakyrkan, Göteborg
=260  \\$c1991
=300  \\$a4 + 3 pages$bthree extra sheets inside
=500  \\$aThis is a leaflet about the organ in the Hagakyrkan in Göteborg, opus 28 by organ builder Jon Brombaugh. Inside three extra sheets by Brombaugh: one about this op. 28, one about op. 26 at the Seventh Day Adventist Church, Southern Missionary College, Collegedale, TN (US), and one about his op. 19 at the Central Lutheran Church Eugene, Oregon (US). 
The sheets are in English, the leaflet about op. 28 is in Swedish.
=590  \\$aOrgel byggdes 1991-92 av John Brombaugh fran Eugene, Oregon, USA och kallas av honom: Opus 28 Soli Deo Gloria
=600  \0$aBrombaugh, John$1http://www.wikidata.org/entity/Q6223330$99908
=650  \0$aOrgan$1http://www.wikidata.org/entity/Q1444$92810
=650  \0$aBaroque$1http://www.wikidata.org/entity/Q37853$921255
=651  \0$aGöteborg (Sweden)$1http://www.wikidata.org/entity/Q25287$923320
=942  \\$cBOO
=952  \\$00$10$2ddc$40$6INS_3_000000000000000_1E_SE_GOT$70$8INS$96279$aORPH$bORPH$cKTS0$d2020-07-08$eKoopman$i24G48$oINS3.1e SE.GOT$p20143675$r2021-01-12 00:00:00$w2021-01-12$yBOO
=999  \\$d6280

