=LDR  01283pam a2200277 a 4500
=001  6285
=005  20251003085456.0
=008  950104s1996\\\\enkg\\\\\b\\\\001\0\eng\\
=020  \\$a0198164254
=041  \\$aeng
=100  \\$aBrookes, Virginia$4aut$99913
=245  10$aBritish Keyboard Music to c. 1660:$bSources and Thematic Index
=260  \\$aOxford $bClarendon Press $aNew York $bOxford University Press$c1996
=300  \\$axvii-413 pages
=504  \\$aIncludes bibliographical references and index.
=561  \\$aEx Libris Ton Koopman
=648  \0$a17th Century (1601-1700)$1http://www.wikidata.org/entity/Q7016$920923
=648  \0$a16th Century (1501-1600)$1http://www.wikidata.org/entity/Q7017$920944
=650  \0$aKeyboard instrument$1http://www.wikidata.org/entity/Q52954$92849
=650  \0$aManuscript$1http://www.wikidata.org/entity/Q87167$92275
=650  \0$aCatalogue$1http://www.wikidata.org/entity/Q2352616$921484
=651  \0$aUnited Kingdom$1http://www.wikidata.org/entity/Q21$9273
=856  \\$uhttp://www.loc.gov/catdir/enhancements/fy0606/95001401-d.html$3Publisher description
=942  \\$cBOO
=952  \\$00$10$2ddc$40$6INS_3A_GB$70$8INS$96284$aORPH$bORPH$cKTS0$d2020-07-08$eKoopman$i31F19$oINS3a GB$p20123155$r2021-01-12 00:00:00$w2021-01-12$yBOO
=999  \\$d6285

