=LDR  01272cam a2200277 a 4500
=001  6287
=005  20250121142120.0
=008  911126s1990\\\\ne\af\\\\b\\\\001\0cdut\\
=020  \\$a9051832028
=040  \\$aOI
=041  0\$adut
=100  \\$aBroos, Ton$99915$4aut
=245  10$aTussen zwart en ultramarijn:$bde levens van schilders beschreven door Jacob Campo Weyerman (1677-1747)
=260  \\$aAmsterdam$aAtlanta, GA$bRodopi$c1990
=300  \\$axi-384 pages, [8] pages of plates$billustrations$c22 cm
=490  1\$aAtlantis$v1
=504  \\$aIncludes bibliographical references (p. 265-286) and index.@@@
=600  \0$aWeyerman, Jacob Campo$d1677-1747$1http://www.wikidata.org/entity/Q2929721$97538
=648  \0$a17th Century (1601-1700)$1http://www.wikidata.org/entity/Q7016$920923
=648  \0$a18th Century (1701-1800)$1http://www.wikidata.org/entity/Q7015$920899
=650  \0$aPainter$1http://www.wikidata.org/entity/Q1028181$93914
=650  \0$aBiography$1http://www.wikidata.org/entity/Q36279$91927
=651  \0$aNetherlands$1http://www.wikidata.org/entity/Q55$9173
=942  \\$cBOO
=952  \\$00$10$2ddc$40$6BIO_CAMP_E$70$8BIO$96286$aORPH$bORPH$cKTS1_P$d2020-07-08$eKoopman$i22A21$oBIO CAMP e$p20125612$r2021-01-12 00:00:00$w2021-01-12$yBOO$OKoopman
=999  \\$d6287

