=LDR  01267cam a2200277 a 4500
=001  6290
=005  20250617160702.0
=008  881007s1987\\\\fr\\\\\\\b\\\\001\0bfre\\
=020  \\$a2708403532
=040  \\$aOI
=100  \\$aBrossard, Yolande de$d1918-2007$99919
=245  10$aSébastien de Brossard, théoricien et compositeur, 1655-1730
=260  \\$aParis$bPicard$c1987
=300  \\$a74 pages$c24 cm
=490  \\$aLa Vie musicale en France sous les rois Bourbons
=504  \\$aIncludes bibliographical references and index.
=600  \0$aBrossard, Sébastien de$d1655-1730$1http://www.wikidata.org/entity/Q1026865$99920
=648  \0$a17th Century (1601-1700)$1http://www.wikidata.org/entity/Q7016$920923
=648  \0$a18th Century (1701-1800)$1http://www.wikidata.org/entity/Q7015$920899
=650  \0$aMusic theorist$1http://www.wikidata.org/entity/Q16031530$92202
=650  \0$aComposer$1http://www.wikidata.org/entity/Q36834$93625
=650  \0$aBiography$1http://www.wikidata.org/entity/Q36279$91927
=651  \0$aFrance$1http://www.wikidata.org/entity/Q142$9131
=942  \\$cBOO
=952  \\$00$10$2ddc$40$6BIO_BROS_D$70$8BIO$96289$aORPH$bORPH$cKTS1_P$d2020-07-08$eKoopman$i32C28$oBIO BROS d$p20122893$r2021-01-12 00:00:00$w2021-01-12$yBOO$OKoopman
=999  \\$d6290

