=LDR  01022aab a2200205   4500
=001  6293
=008  220819s1991\\\\||||||||\||||\00|\0\ger\d
=041  \\$ager
=100  \\$aBroszinski, Hartmut$4aut$99922
=245  \\$a... sowohl in musica vocali als instrumentali ...$bDie Musikgeschichte Kassels im Überblick
=260  \\$aKassel$c1996$bSelbstverlag des Vereins für Hessische Geschichte und Landeskunde e.v. Kassel
=300  \\$a24 pages
=490  \\$aZeitschrift des Vereins für Hessische Geschichte und Landeskunde$v101
=500  \\$aComplete journal, of which the first article is relevant for the collection
=648  \0$aPast$1http://www.wikidata.org/entity/Q192630$922196
=650  \0$aMusic history$1http://www.wikidata.org/entity/Q846047$921373
=651  \0$aKassel (Germany)$1http://www.wikidata.org/entity/Q2865$923932
=942  \\$cBOO
=952  \\$00$10$2ddc$40$6TOP_DE_KAS$70$8TOP$96292$aORPH$bORPH$cKTS0$d2020-07-08$eKoopman$i47D11$l0$oTOP DE.KAS$p20123702$r2021-01-12 00:00:00$w2021-01-12$yBOO$OKoopman
=999  \\$d6293

