=LDR  01123cam a2200265 a 4500
=001  6294
=005  20250120120621.0
=008  940810s1994\\\\njua\\\\\b\\\\010\0\eng\\
=020  \\$a0810829487 (acid-free paper)
=040  \\$aOI
=041  0\$aeng
=100  \\$4dte$aHonders, Casper$1http://www.wikidata.org/entity/Q85848596$924977
=245  00$aArs et musica in liturgia:$bEssays Presented to Casper Honders on his Seventieth Birthday
=260  \\$aMetuchen, NJ$bScarecrow$c1994
=300  \\$a206 pages$billustrations$c22 cm
=490  \\$aStudies in Liturgical Musicology$v1
=504  \\$aIncludes bibliographical references.
=504  \\$a"The publications of Casper Honders": p. 5-12, 205-206.
=650  \0$aChurch music$1http://www.wikidata.org/entity/Q8812109$92283
=650  \0$aLiturgy$1http://www.wikidata.org/entity/Q172331$92284
=700  \\$aBrouwer, Frans$4edt$99924
=700  \\$aLeaver, Robin A.$4edt$99925
=942  \\$cBOO
=952  \\$00$10$2ddc$40$6REF_4_000000000000000_HOND$70$8REF$96293$aORPH$bORPH$cKM12_1$d2020-07-08$eKoopman$i35E31$oREF4 HOND$p20122481$r2021-01-12 00:00:00$w2021-01-12$yBOO
=999  \\$d6294

