=LDR  01338    a2200253   4500
=001  6297
=008  220502s2016\\\\||||||||\||||\00|\0bdut\d
=041  \\$adut
=100  \\$aBrouwer, Jacob Koenraad Geert$4aut$918215
=245  \\$aJohan van Meurs.$bEen studie over een pionierend orgeladviseur
=260  \\$aLeiden$bUniversiteit Leiden$c2016
=300  \\$a333 pages
=500  \\$aDoctoral dissertation
=600  \0$aMeurs, Johan van$d1579-1639$1http://www.wikidata.org/entity/Q86741238$924054
=648  \0$a16th Century (1501-1600)$1http://www.wikidata.org/entity/Q7017$920944
=648  \0$a17th Century (1601-1700)$1http://www.wikidata.org/entity/Q7016$920923
=650  \0$aHistory$1http://www.wikidata.org/entity/Q309$921403
=650  \0$aOrgan$1http://www.wikidata.org/entity/Q1444$92810
=650  \0$aOrganology$1http://www.wikidata.org/entity/Q899293$921400
=651  \0$aNetherlands$1http://www.wikidata.org/entity/Q55$9173
=942  \\$cBOO
=952  \\$00$10$2ddc$3Dissertation$40$6INS_3_000000000000000_1B_MEUR$70$8INS$96296$aORPH$bORPH$cKTS0$d2020-07-08$eKoopman$i46B09$oINS3.1b MEUR$p20127618$r2021-01-12 00:00:00$w2021-01-12$yBOO
=952  \\$00$10$2ddc$3Appendix$40$6INS_3_000000000000000_1B_MEUR$70$8INS$96297$aORPH$bORPH$cKTS0$d2020-07-08$eKoopman$i46B09$oINS3.1b MEUR$p20127617$r2021-01-12 00:00:00$w2021-01-12$yBOO
=999  \\$d6297

