=LDR  00863cam a2200217 a 4500
=001  6299
=008  850529s1985\\\\nl\a\\\\\b\\\\001\0\dut\\
=041  \\$adut
=100  \\$aBrouwer, Teun$4aut$99929
=245  10$aOrgelluiken in Nederland
=260  \\$aAmsterdam$bBataafsche Leeuw$c1985
=300  \\$a79 pages$bill.$c25 cm
=504  \\$aBibliography: p. 76-78.
=650  \0$aOrgan shutter$922815
=650  \0$aOrganology$1http://www.wikidata.org/entity/Q899293$921400
=650  \0$aOrgan$1http://www.wikidata.org/entity/Q1444$92810
=650  \0$aFine art$1http://www.wikidata.org/entity/Q219625$921579
=651  \0$aNetherlands$1http://www.wikidata.org/entity/Q55$9173
=942  \\$cBOO
=952  \\$00$10$2ddc$40$6INS_3_000000000000000_1A_NL$70$8INS$96298$aORPH$bORPH$cKTS0$d2020-07-08$eKoopman$i24C12$oINS3.1a NL$p20129047$r2021-01-12 00:00:00$w2021-01-12$yBOO
=999  \\$d6299

