=LDR  00896cam a2200205 p 4500
=001  6300
=008  790629s1979\\\\nl\af\\\\b\\\\001\0\dut\\
=041  \\$adut
=100  \\$aBrouwer, Teun$4aut$99929
=245  10$aSleutelstad-orgelstad.$bVijf eeuwen orgelgeschiedenis van Leiden 
=260  \\$aZutphen $bWalburg Pers $c1979
=300  \\$a192 pages$bwith ill. $c27 cm
=504  \\$aBibliography: p. 188.
=650  \0$aOrgan$1http://www.wikidata.org/entity/Q1444$92810
=650  \0$aOrganology$1http://www.wikidata.org/entity/Q899293$921400
=651  \0$aNetherlands$1http://www.wikidata.org/entity/Q55$9173
=651  \0$aLeiden (Netherlands)$1http://www.wikidata.org/entity/Q43631$978
=942  \\$cBOO
=952  \\$00$10$2ddc$40$6INS_3_000000000000000_1A_NL_LEI$70$8INS$96299$aORPH$bORPH$cKTS0$d2020-07-08$eKoopman$i24D06$l0$oINS3.1a NL.LEI$p20129138$r2021-01-12 00:00:00$w2021-01-12$yBOO$OKoopman
=999  \\$d6300

