=LDR  00781cam a2200205 i 4500
=001  6301
=005  20250227083014.0
=008  790315s1978\\\\miugh\\\\bc\\\001\0\eng\\
=020  \\$a0911772898
=040  \\$aOI
=100  \\$aBrown, A. Peter$99930
=245  00$aCarlo d'Ordonez, 1734-1786 :$ba thematic catalog /$cA. Peter Brown.
=260  \\$aDetroit :$bInformation Coordinators,$c1978.
=300  \\$a234 p. :$bfacsims., music ;$c28 cm.
=490  0\$aDetroit studies in music bibliography ;$vno. 39
=504  \\$aBibliography: p. 19-21.
=600  \0$aOrdóñez, Karl von$d1734-1786$99931
=942  \\$cBOO
=952  \\$00$10$2ddc$40$6BIO_ORDO_C$70$8BIO$96300$aORPH$bORPH$cKTS1_P$d2020-07-08$eKoopman$i23C26$oBIO ORDO c$p20128564$r2021-01-12 00:00:00$w2021-01-12$yBOO$OKoopman
=999  \\$c6301$d6301

