=LDR  01434cam a2200289 a 4500
=001  6302
=005  20250901113608.0
=008  850807s1986\\\\inuacgh\\b\\\\001\0deng\\
=020  \\$a025333182X
=040  \\$aOI
=100  \\$aBrown, A. Peter$99930
=245  10$aJoseph Haydn's keyboard music :$bsources and style /$cA. Peter Brown.
=260  \\$aBloomington :$bIndiana University Press,$cc1986.
=300  \\$axxiv, 450 p. :$bill., ports., music, facsims. ;$c24 cm.
=504  \\$aBibliography: p. [389]-415.
=600  \0$aHaydn, Joseph$d1732-1809$1http://www.wikidata.org/entity/Q7349$94783
=600  \0$aHaydn, Joseph$d1732-1809$1http://www.wikidata.org/entity/Q7349$94783
=650  \0$aChamber music$1http://www.wikidata.org/entity/Q189201$92105
=650  \0$aKeyboard music$1http://www.wikidata.org/entity/Q105715630$921412
=600  \0$aHaydn, Joseph$d1732-1809$1http://www.wikidata.org/entity/Q7349$94783
=856  \\$uhttp://www.loc.gov/catdir/enhancements/fy1401/85045029-d.html$3Publisher description
=942  \\$cBOO
=952  \\$00$10$2ddc$40$6BIO_HAYD1_E$70$8BIO$96301$aORPH$bORPH$cKTS1_P$d2020-07-08$eKoopman$i37D12$oBIO HAYD1 e$p20120545$r2021-01-12 00:00:00$w2021-01-12$yBOO
=999  \\$c6302$d6302
=648  \0$a18th Century (1701-1800)$1http://www.wikidata.org/entity/Q7015$920899
=650  \0$aMusic history$1http://www.wikidata.org/entity/Q846047$921373
=650  \0$aConcerto$1http://www.wikidata.org/entity/Q9748$921817

