=LDR  01311cam a2200289 a 4500
=001  6303
=005  20250819130432.0
=008  850115s1986\\\\inug\\\\\b\\\s001\0\eng\\
=020  \\$a0253388201
=040  \\$aOI
=100  1\$aBrown, A. Peter.
=245  10$aPerforming Haydn's The Creation:$bReconstructing the Earliest Renditions
=260  \\$aBloomington, IN$bIndiana University Press$c1986
=300  \\$axiv-123 pages$bmusic$c25 cm
=490  \\$aMusic-Scholarship and Performance
=500  \\$aIncludes index.
=504  \\$aBibliography: p. 111-116.
=600  \0$aHaydn, Joseph$d1732-1809$1http://www.wikidata.org/entity/Q7349$94783
=600  \0$aSwieten, Gottfried van$d1733-1803$1http://www.wikidata.org/entity/Q549419$97346
=648  \0$1http://www.wikidata.org/entity/Q7015$a18th Century (1701-1800)$920899
=650  \0$1http://www.wikidata.org/entity/Q85477$aOratorio$91825
=650  \0$1http://www.wikidata.org/entity/Q846047$aMusic history$921373
=650  \0$1http://www.wikidata.org/entity/Q19786$aOld Testament$923499
=651  \0$1http://www.wikidata.org/entity/Q1741$aVienna (Austria)$920937
=942  \\$cBOO
=952  \\$00$10$2ddc$40$6BIO_HAYD1_E$70$8BIO$96302$aORPH$bORPH$cKTS1_P$d2020-07-08$eKoopman$i37E02$l0$oBIO HAYD1 e$p20122459$r2021-01-12 00:00:00$w2021-01-12$yBOO$OKoopman
=999  \\$d6303

