=LDR  00766aam a2200181   4500
=001  6304
=008  220523s1984\\\\|||a||||\||||\00|\0\eng\d
=020  \\$a0297785214
=041  \\$aeng
=100  \\$aBrown, Christopher$4aut$924253
=245  \\$aMasters of Seventeenth-Century Dutch Genre Painting
=260  \\$aPhiladelphia, PA$bPhiladelphia Museum of Art$c1984
=648  \0$a17th Century (1601-1700)$1http://www.wikidata.org/entity/Q7016$920923
=650  \0$aFine art$1http://www.wikidata.org/entity/Q219625$921579
=651  \0$aNetherlands$1http://www.wikidata.org/entity/Q55$9173
=942  \\$cBOO
=952  \\$00$10$2ddc$40$6TOP_NL_5_000000000000000$70$8TOP$96303$aORPH$bORPH$cKTS0$d2020-07-08$eKoopman$i19G38$oTOP NL 5$p20125179$r2021-01-12 00:00:00$w2021-01-12$yBOO
=999  \\$d6304

