=LDR  00774    a2200181   4500
=001  6305
=008  220523s1984\\\\||||||||\||||\00|\0\dut\d
=020  \\$a9060547179
=041  \\$adut
=100  \\$aBrown, Christopher$4aut$924253
=245  \\$a"... niet ledighs of ijdels...":$bNederlandse genreschilders uit de zeventiende eeuw
=260  \\$aAmsterdam$bde Bussy$c1984
=648  \0$a17th Century (1601-1700)$1http://www.wikidata.org/entity/Q7016$920923
=650  \0$aFine art$1http://www.wikidata.org/entity/Q219625$921579
=651  \0$aNetherlands$1http://www.wikidata.org/entity/Q55$9173
=942  \\$cBOO
=952  \\$00$10$2ddc$40$6TOP_NL_5_000000000000000$70$8TOP$96304$aORPH$bORPH$cKTS0$d2020-07-08$eKoopman$i20A08$oTOP NL 5$p20128059$r2021-01-12 00:00:00$w2021-01-12$yBOO
=999  \\$d6305

