=LDR  00865aam a2200205   4500
=001  6306
=008  220523s1975\\\\|||a||||\||||\00|\0deng\d
=020  \\$a9022840352
=041  \\$adut
=100  \\$aBruegel, Pieter$dc. 1625-1669$4art$1http://www.wikidata.org/entity/Q43270$924257
=245  \\$aBruegel
=260  \\$aBussum$bDe Haan$c1975
=590  \\$a130 afbeeldingen verzameld en ingeleid door Christopher Brown
=648  \0$a16th Century (1501-1600)$1http://www.wikidata.org/entity/Q7017$920944
=650  \0$aFine art$1http://www.wikidata.org/entity/Q219625$921579
=651  \0$aFlanders (Belgium)$1http://www.wikidata.org/entity/Q234$989
=700  \\$4edt$aBrown, Christopher$924253
=942  \\$cBOO
=952  \\$00$10$2ddc$40$6BIO_BRUE_C$70$8BIO$96305$aORPH$bORPH$cKTS1_P$d2020-07-08$eKoopman$i20A22$oBIO BRUE c$p20128034$r2021-01-12 00:00:00$w2021-01-12$yBOO
=999  \\$d6306

