=LDR  01014aam a2200205   4500
=001  6307
=008  220523s1991\\\\||||||||\||||\00|\0bdut\d
=020  \\$a9066302984
=041  \\$adut
=100  \\$aBrown, Christopher$4aut$924253
=245  \\$aRembrandt:$bde meester & zijn werk
=260  \\$aAmsterdam$bRijksmuseum$aZwolle$bWaanders$c1991
=600  \0$aRembrandt$d1606-1669$1http://www.wikidata.org/entity/Q5598$914481
=648  \0$a17th Century (1601-1700)$1http://www.wikidata.org/entity/Q7016$920923
=650  \0$aFine art$1http://www.wikidata.org/entity/Q219625$921579
=651  \0$aNetherlands$1http://www.wikidata.org/entity/Q55$9173
=942  \\$cBOO
=952  \\$00$10$2ddc$3Tekeningen & etsen$40$6BIO_REMB_A$70$8BIO$95974$aORPH$bORPH$cKTS0$d2020-07-08$eKoopman$i29F19-a$oBIO REMB a$p20121264$r2021-01-12 00:00:00$w2021-01-12$yBOO
=952  \\$00$10$2ddc$3Schilderijen$40$6BIO_REMB_A$70$8BIO$96306$aORPH$bORPH$cKTS0$d2020-07-08$eKoopman$i29F19-b$oBIO REMB a$p20121263$r2021-01-12 00:00:00$w2021-01-12$yBOO
=999  \\$d6307

