=LDR  00758aam a2200193   4500
=001  6308
=008  220523s1994\\\\||||||||\||||\00|\0\eng\d
=020  \\$a0964289512
=041  \\$aeng
=100  \\$aBrown, Christopher$4aut$924253
=245  \\$aDiscovering Bows for the Double Bass
=250  \\$alimited deluxe edition
=260  \\$aSaint Paul, MN$bBeaux Arts Editions$c1994
=561  \\$aContains a handwritten salutation by the author
=650  \0$aDouble bass$1http://www.wikidata.org/entity/Q80019$921734
=650  \0$aBow$1http://www.wikidata.org/entity/Q204948$922587
=942  \\$cBOO
=952  \\$00$10$2ddc$40$6INS_4_000000000000000_4B$70$8INS$96307$aORPH$bORPH$cKTS0$d2020-07-08$eKoopman$i31B01$oINS4.4b$p20121132$r2021-01-12 00:00:00$w2021-01-12$yBOO
=999  \\$d6308

