=LDR  00741cam a2200205   4500
=001  6311
=005  20250120120358.0
=008  691223s1969\\\\enkg\\\\\b\\\\001\0\eng\\
=015  \\$aB69-17597
=020  \\$a057108933X
=040  \\$aOI
=100  \\$aBrown, David$d1929-2014$99937
=245  00$aThomas Weelkes:$ba biographical and critical study.
=260  \\$aLondon,$bFaber,$c1969.
=300  \\$a3-223 p.$bmusic.$c26 cm.
=504  \\$aBibliography: p. 207-210.
=600  \0$aWeelkes, Thomas$d1576-1623$1http://www.wikidata.org/entity/Q553908$96254
=942  \\$cBOO
=952  \\$00$10$2ddc$40$6BIO_WEEL_D$70$8BIO$96310$aORPH$bORPH$cKTS1_P$d2020-07-08$eKoopman$i43E30$oBIO WEEL d$p20127128$r2021-01-12 00:00:00$w2021-01-12$yBOO$OKoopman
=999  \\$c6311$d6311

