=LDR  00906aam a2200205   4500
=001  6312
=008  210511s1989\\\\\\\|||||\||||\00|\0\eng\d
=020  \\$a0393028070
=041  \\$aeng
=245  \\$aPerformance Practice:$bMusic before 1600
=260  \\$aNew York$bNorton$c1989
=300  \\$a281 pages
=648  \0$aMiddle Ages (500-1400)$1http://www.wikidata.org/entity/Q12554$920964
=648  \0$aRenaissance (1400-1600)$1http://www.wikidata.org/entity/Q4692$920965
=650  \0$aHistorically informed performance$1http://www.wikidata.org/entity/Q1344860$920980
=700  \\$aBrown, Howard Mayer$d1930-1993$4edt$918996
=700  \\$aSadie, Stanley$d1930-2015$4edt$1http://www.wikidata.org/entity/Q1335317$919216
=942  \\$cBOO
=952  \\$00$10$2ddc$40$6MTP_2_000000000000000_BROW$70$8MTP$96311$aORPH$bORPH$cKM12_1$d2020-07-08$eKoopman$i30F48$oMTP2 BROW$p20123284$r2021-01-12 00:00:00$w2021-01-12$yBOO
=999  \\$d6312

