=LDR  01184cam a2200265 i 4500
=001  6315
=005  20250120120512.0
=008  760923s1976\\\\enkag\\\\b\\\\001\0\eng\\
=015  \\$aGB76-14364
=020  \\$a0193231751 :$c£2.95
=040  \\$aOI
=041  \\$aeng
=100  \\$aBrown, Howard Mayer$d1930-1993$4aut$918996
=245  10$aEmbellishing sixteenth-century music
=260  \\$aLondon :$bOxford University Press,$c1976.
=300  \\$axiv, 79 pages.$bill., music ;$c21 cm.
=490  1\$aEarly music series ;$v1
=504  \\$aIncludes bibliographical references and index.
=650  \0$aOrnamentation$1http://www.wikidata.org/entity/Q739589$922524
=650  \0$aMusic theory$1http://www.wikidata.org/entity/Q193544$92662
=650  \0$aMusic history$1http://www.wikidata.org/entity/Q846047$921373
=942  \\$cBOO$2ddc
=952  \\$00$10$2ddc$40$6MTP_2_000000000000000_BROW$70$8MTP$96312$aORPH$bORPH$cKM12_1$d2020-07-08$l0$oMTP 2 BROW$p20130062$r2021-01-12 00:00:00$w2021-01-12$yBOO
=952  \\$00$10$2ddc$40$6MTP_2_000000000000000_BROW$70$8MTP$96314$aORPH$bORPH$cKM12_1$d2020-07-08$eKoopman$i25E36$l0$oMTP 2 BROW$p20129370$r2021-01-12 00:00:00$w2021-01-12$yBOO
=999  \\$c6315$d6315

