=LDR  00988nam a2200217 a 4500
=001  6316
=005  20250218163405.0
=008  920923s1965\\\\mau\\\\\\\\\\||||\|||||\\
=040  \\$aOI
=041  \\$aeng
=100  \\$aBrown, Howard Mayer$d1930-1993$1http://www.wikidata.org/entity/Q3787230$4aut$918996
=245  10$aInstrumental Music Printed before 1600:$bA Bibliography
=260  \\$aCambridge, MA$bHarvard University Press$c1965
=300  \\$a559 pages$billustrations
=648  \0$aRenaissance (1400-1600)$1http://www.wikidata.org/entity/Q4692$920965
=650  \0$aInstrumental music$1http://www.wikidata.org/entity/Q639197$92106
=650  \0$aMusic printing$1http://www.wikidata.org/entity/Q64416036$94007
=650  \0$aBibliography$1http://www.wikidata.org/entity/Q134995$93965
=942  \\$cBOO
=952  \\$00$10$2ddc$40$6BIB_3_000000000000000_BROW$70$8BIB$96315$aORPH$bORPH$cKTS0$d2020-07-08$eKoopman$i34A17$l0$oBIB3 BROW$p20122644$r2021-01-12 00:00:00$w2021-01-12$yBOO$OKoopman
=999  \\$d6316

