=LDR  00873    a2200181   4500
=001  6321
=008  230307s2006\\\\gw\agfh|\||||\00|\0\ger\d
=041  \\$ager
=245  \\$aHandbuch der Orgelbaukunst von Ignaz Blasius Bruder.$bAus der Urhandschrift original übertragen von Hermann Brommer
=260  \\$c2006$aWaldkirch$bWaldkircher Orgelstiftung
=300  \\$a290 pages
=600  \0$aBruder, Ignaz$d1780-1845$1http://www.wikidata.org/entity/Q1657418$99946
=650  \0$aOrgan$1http://www.wikidata.org/entity/Q1444$92810
=650  \0$aOrganology$1http://www.wikidata.org/entity/Q899293$921400
=700  2\$4edt$925819$aWaldkircher Orgelstiftung (Waldkirche, Germany)
=942  \\$cBOO
=952  \\$00$10$2ddc$40$6INS_3_000000000000000_1B_BRUD$70$8INS$96320$aORPH$bORPH$cKTS0$d2020-07-08$eKoopman$i41C02$l0$oINS3.1b BRUD$p20122183$r2021-01-12 00:00:00$w2021-01-12$yBOO$OKoopman
=999  \\$d6321

