=LDR  02053aam a2200277   4500
=001  6322
=008  220812s1947\\\\|||g|l||\||||\00|\0\ita\d
=041  \\$aita
=100  \\$aVivaldi, Antonio$d1678-1741$4cmp$1http://www.wikidata.org/entity/Q1340$911980
=240  \\$aConcerto funebre in B-flat major, RV 579
=245  \\$aFac-simile del Concerto funebre di Antonio Vivaldi
=260  \\$aSiena$bTicci$c1947
=300  \\$a50 pages, [14] pages of plates
=490  \\$aQuaderno dell'Accademia Chigiana$vXV
=520  \\$aThe evocative Concerto funebre, RV579, was probably written in the mid-1720s for performance at the funeral of a patron or governor of the Pietà. The highly original, indeed unique, combination of a muted oboe, a tenor chalumeau and a trio (two soprano instruments and one bass) of viole all’inglese, accompanied by muted strings, lends this work a suitably lugubrious tone, which is only lightened a little when the mutes come off for the fourth movement. The slow opening movement is an adaptation of a sinfonia for a solemn procession to an execution in Vivaldi’s opera Tito Manlio (1719), while the fourth movement borrows the material of the finale of the Concerto without soloist RV123
=590  \\$aDiscorso di A. Bruers per l'inaugurazione della V settimana. Note e ricerche del Centro di Studi Vivaldiani
=600  \0$aGoldoni, Carlo$d1707-1793$1http://www.wikidata.org/entity/Q165534$911653
=600  \0$aGirò, Anna$d1710-?1748$1http://www.wikidata.org/entity/Q3495712$924673
=610  \0$aOspedale della Pietà (Venice, Italy)$1http://www.wikidata.org/entity/Q1816328$924196
=648  \0$a18th Century (1701-1800)$1http://www.wikidata.org/entity/Q7015$920899
=650  \0$aConcerto$1http://www.wikidata.org/entity/Q9748$921817
=651  \0$aVenice (Italy)$1http://www.wikidata.org/entity/Q641$91
=700  \\$4edt$aBruers, A.$99947
=942  \\$cBOO
=952  \\$00$10$2ddc$40$6SCO_VIVA$70$8BIO$96321$aORPH$bORPH$cKTS1_P$d2020-07-08$eKoopman$i23B11$l0$oSCO VIVA$p20128548$r2021-01-12 00:00:00$w2021-01-12$yBOO
=999  \\$d6322

