=LDR  00965aam a2200205   4500
=001  6323
=008  220215s1959\\\\gw\g||||\||||\00|\0\ger\d
=041  \\$ager
=100  \\$aBruggaier, Eduard$d1928-2014$4aut$99948
=245  \\$aStudien zur Geschichte des Orgelpedalspiels in Deutschland bis zur Zeit Johann Sebastian Bach
=260  \\$c1959$aFrankfurt am Main$bJohan Wolfgang Goethe-Universität Frankfurt am Main
=300  \\$a276 pages
=505  \\$gPrinted PhD Thesis 
=650  \0$aOrganology$1http://www.wikidata.org/entity/Q899293$921400
=650  \0$aOrgan$1http://www.wikidata.org/entity/Q1444$92810
=650  \0$aPedal$1http://www.wikidata.org/entity/Q4591805$922613
=650  \0$aHistorically informed performance$1http://www.wikidata.org/entity/Q1344860$920980
=942  \\$cBOO
=952  \\$00$10$2ddc$40$6INS_3_000000000000000_1D_DE$70$8INS$96322$aORPH$bORPH$cKTS0$d2020-07-08$eKoopman$i42G40$oINS3.1d DE$p20120011$r2021-01-12 00:00:00$w2021-01-12$yBOO
=999  \\$d6323

