=LDR  01136cam a22002774a 4500
=001  6324
=005  20250120120524.0
=008  010717s2001\\\\ne\a\\\\\b\\\\001\0\dut\\
=020  \\$a9065506446 (pbk.)
=040  \\$aOI
=041  0\$adut
=245  04$aEen koopman in Venetië:$been Italiaans-Nederlands gespreksboekje uit de late Middeleeuwen
=260  \\$aHilversum$bVerloren$c2001
=300  \\$a348 pages$bill.$c23 cm
=490  \\$aMiddelnederlandse tekstedities$v7
=504  \\$aIncludes bibliographical references (p. 331-338) and index.
=546  \\$aDutch and Italian.
=648  \0$aMiddle Ages (500-1400)$1http://www.wikidata.org/entity/Q12554$920964
=651  \0$aItaly$1http://www.wikidata.org/entity/Q38$922
=651  \0$aNetherlands$1http://www.wikidata.org/entity/Q55$9173
=700  \\$aBruijn-van der Helm, José de$4edt$99949
=700  \\$aJansen-Sieben, Ria$4edt$922865
=700  \\$aAelst, José van$4edt$922866
=942  \\$cBOO
=952  \\$00$10$2ddc$40$6TOP_IT_VEN1_3_000000000000000$70$8TOP$96323$aORPH$bORPH$cKTS0$d2020-07-08$eKoopman$i23B42$oTOP IT.VEN1 3$p20128513$r2021-01-12 00:00:00$w2021-01-12$yBOO
=999  \\$d6324

