=LDR  01047    a2200241   4500
=001  6329
=008  211122s2009\\\\\\\|||||\||||\00|\0ddut\d
=020  \\$a9789080169968
=041  \\$adut
=245  \\$aHaydn Live:$bNiemecz Flötenuhren
=260  \\$aUtrecht$bNationaal Museum van Speelklok tot Pierement$c2009
=600  \0$aHaydn, Joseph$d1732-1809$1http://www.wikidata.org/entity/Q7349$94783
=650  \0$aMechanical device$1http://www.wikidata.org/entity/Q1882685$92247
=650  \0$aClock$1http://www.wikidata.org/entity/Q376$92132
=650  \0$aBarrel organ$1http://www.wikidata.org/entity/Q752638$93504
=700  \\$4ctb$aBruintjes, K. D.$99955
=700  \\$4ctb$aWely, Bob van$922997
=700  \\$4ctb$aKowar, Helmut$912159
=700  \\$4ctb$aNaeschke, Matthias$912936
=700  \\$4ctb$aKoopman, Ton$d1944-$1http://www.wikidata.org/entity/Q445121$910491
=942  \\$cBOO
=952  \\$00$10$2ddc$40$6BIO_HAYD1_E$70$8BIO$96328$aORPH$bORPH$cKTS1_P$d2020-07-08$eKoopman$i31G25$oBIO HAYD1 e$p20121009$r2021-01-12 00:00:00$w2021-01-12$yBOO
=999  \\$d6329

