=LDR  01288aam a2200253   4500
=001  6330
=005  20251003085456.0
=008  250210s1993\\\\||||||||\c|||\00|\0\ita\d
=020  \\$a8885330606
=041  \\$aita
=100  \\$aBrumana, Biancamaria$910524$4aut
=245  \\$aL'Archivio musicale della cattedrale di S. Lorenzo a Perugia:$bCatalogo
=260  \\$aPerugia$bVolumnia Editrice$c1993
=490  \\$aBiblioteche dell'Umbria - cataloghi e strumenti$v11
=610  \0$aCattedrale di San Lorenzo (Perugia, Italy)$1http://www.wikidata.org/entity/Q1132503$939664
=650  \0$aChurch music$1http://www.wikidata.org/entity/Q8812109$1http://www.wikidata.org/entity/Q1065742$92283
=650  \0$aCatholicism$1http://www.wikidata.org/entity/Q1841$921631
=650  \0$aLibrary$1http://www.wikidata.org/entity/Q7075$94229
=650  \0$aManuscript$1http://www.wikidata.org/entity/Q87167$92275
=650  \0$aCatalogue$1http://www.wikidata.org/entity/Q2352616$1http://www.wikidata.org/entity/Q6941730$921484
=651  \0$aPerugia (Italy)$1http://www.wikidata.org/entity/Q3437$926762
=942  \\$cBOO
=952  \\$00$10$2ddc$40$6BIB_4_000000000000000_IT_PER$70$8BIB$96329$aORPH$bORPH$cKTS0$d2020-07-08$eKoopman$i18D51$l0$oBIB4 IT.PER$p20125022$r2021-01-12 00:00:00$w2021-01-12$yBOO$OKoopman
=999  \\$d6330

