=LDR  01820acm a2200301   4500
=001  6331
=008  210603s1968\\\\\\\||h||\||||\00|\0\mul\d
=041  \\$afre$dlat
=100  \\$aRokseth, Yvonne$1http://www.wikidata.org/entity/Q42529316$919122
=245  \\$aTreize motets et un prélude pour orgue, parus en 1531 chez Pierre Attaingnant
=260  \\$aParis$bHeugel$c1968
=490  \\$aPublications de la Société française de musicologie. Première série$v5
=600  \0$aAttaingnant, Pierre$d1494-1552$1http://www.wikidata.org/entity/Q644849$911467
=648  \0$aRenaissance (1400-1600)$1http://www.wikidata.org/entity/Q4692$920965
=650  \0$aMotet$1http://www.wikidata.org/entity/Q188285$92028
=650  \0$aPrelude$1http://www.wikidata.org/entity/Q212148$921947
=650  \0$aOrgan$1http://www.wikidata.org/entity/Q1444$92810
=700  \\$4cmp$aBrumel, Antoine$dc. 1460-c. 1515$1http://www.wikidata.org/entity/Q455101$921637
=700  \\$4cmp$aCompère, Loyset$dc. 1445-1518$1http://www.wikidata.org/entity/Q975576$921638
=700  \\$4cmp$aFévin, Antoine de$d1470-1512$1http://www.wikidata.org/entity/Q2856873$921639
=700  \\$4cmp$aGascongne, Mathieu$dfl. 1517-18$1http://www.wikidata.org/entity/Q6787206$921640
=700  \\$4cmp$aLa Fage, Jean de$dfl. 1515-35$1http://www.wikidata.org/entity/Q6217104$921641
=700  \\$4cmp$aMoulu, Pierre$d1480-1550$1http://www.wikidata.org/entity/Q720788$921642
=700  \\$4cmp$aObrecht, Jacob$d1457-1505$1http://www.wikidata.org/entity/Q311629$919471
=700  \\$4cmp$aSermisy, Claudin de$dc. 1490-1562$1http://www.wikidata.org/entity/Q968593$921643
=942  \\$cSCO
=952  \\$00$10$2ddc$40$6SCO_MISC_ATTA$70$8SCO$96330$aORPH$bORPH$cKTS1_P$d2020-07-08$eKoopman$iWG.0462$l0$oSCO MISC ATTA$p20121662$r2021-01-12 00:00:00$w2021-01-12$ySCO$OW.0462
=999  \\$d6331

