=LDR  01280    a2200265   4500
=001  6333
=005  20251003085456.0
=008  211005r19841890fr\a||||\||||\00|\0\fre\d
=020  \\$a2826608169
=041  \\$afre
=100  \\$4aut$aBruni, Antonio Bartolomeo$d1757-1821$1http://www.wikidata.org/entity/Q599823$99959
=245  \\$aUn inventaire sous la Terreur :$bÉtat des instruments de musique relevé chez les émigrés et condamnés
=260  \\$aGeneva$bMinkoff$c1984
=300  \\$a239 pages
=500  \\$aFacsimile of the 1890 edition
=561  \\$aEx Libris Ton Koopman
=590  \\$aPar A. Bruni, l'un des délégués de la Convention. Introduction, notices biographiques et notes par J. Gallay
=650  \0$aOrganology$1http://www.wikidata.org/entity/Q899293$921400
=650  \0$aCatalogue$1http://www.wikidata.org/entity/Q2352616$921484
=650  \0$aFrench Revolution (1789-1799)$1http://www.wikidata.org/entity/Q6534$925608
=651  \0$aFrance$1http://www.wikidata.org/entity/Q142$9131
=700  \\$4win$aGallay, Jules$d1822-1897$1http://www.wikidata.org/entity/Q3188601$923116
=942  \\$cBOO
=952  \\$00$10$2ddc$40$6INS_1B_FR_PAR$70$8INS$96332$aORPH$bORPH$cKTS0$d2020-07-08$eKoopman$i20E28$oINS1b FR.PAR$p20125406$r2021-01-12 00:00:00$w2021-01-12$yBOO
=999  \\$d6333

