=LDR  01050    a2200205   4500
=001  6335
=008  220225s1963\\\\||||||||\||||\00|\0\dut\d
=041  \\$adut
=100  \\$aBruning, E.$4aut$99961
=245  \\$aHet geestelijk lied van Noord-Nederland in de vijftiende eeuw:$bDe Nederlandse liederen van de handschriften Amsterdam (Wenen ÖNB n.s. 12875) en Utrecht (Berlijn MG 8o 190)
=260  \\$aAmsterdam$bVereniging voor Nederlandse Muziekgeschiedenis$c1963
=490  \\$aMonumenta Musica Neerlandica$vVII
=561  \\$aContains a handwritten dedication to H. Wagenaar-Nolthenius
=648  \0$a15th Century (1401-1500)$1http://www.wikidata.org/entity/Q7018$921015
=650  \0$aSong$1http://www.wikidata.org/entity/Q7366$94164
=650  \0$aReligion$1http://www.wikidata.org/entity/Q9174$93062
=651  \0$aNetherlands$1http://www.wikidata.org/entity/Q55$9173
=942  \\$cBOO
=952  \\$00$10$2ddc$40$6SCO_MISC_BRUN$70$8SCO$96334$aORPH$bORPH$cKTS1_H$d2020-07-08$eKoopman$i25A12$oSCO MISC BRUN$p20129158$r2021-01-12 00:00:00$w2021-01-12$ySCO
=999  \\$d6335

