=LDR  00386    a2200121   4500
=001  6336
=020  \\$a392280392X
=100  \\$aBrunner, G.$99962
=245  \\$aBiagio Marini (1597-1665)
=260  \\$c1997
=942  \\$cBOO
=952  \\$00$10$2ddc$40$6BIO_MARI_E$70$8BIO$96335$aORPH$bORPH$cKTS1_P$d2020-07-08$eKoopman$i21F68$oBIO MARI e$p20125508$r2021-01-12 00:00:00$w2021-01-12$yBOO$OKoopman
=999  \\$c6336$d6336

