=LDR  00998    a2200217   4500
=001  6337
=008  230303s1990\\\\-usaf|||\||||\00|\0\eng\d
=041  \\$aeng
=100  \\$aBrunner, Raymond J.$99963$4edt
=245  \\$a"That Ingenious Business":$bPennsylvania German Organ Builders
=260  \\$aBirdsboro, PA$bThe Pennsylvania German Society$c1990
=300  \\$a248 pages
=490  \\$aPublication of the Pennsylvania German Society$vXXIV
=650  \0$aOrgan$1http://www.wikidata.org/entity/Q1444$92810
=650  \0$aOrganology$1http://www.wikidata.org/entity/Q899293$921400
=651  \0$aUSA$1http://www.wikidata.org/entity/Q30$943
=651  \0$aPennsylvania (USA)$925801
=710  2\$aPennsylvania-German Society (Ephrata, PA, USA)$1https://www.wikidata.org/wiki/Q18155836$925802
=942  \\$cBOO
=952  \\$00$10$2ddc$40$6INS_3_000000000000000_1B_US_PEN$70$8INS$96336$aORPH$bORPH$cKTS0$d2020-07-08$eKoopman$i45F13$l0$oINS3.1b US.PEN$p20127513$r2021-01-12 00:00:00$w2021-01-12$yBOO$OKoopman
=999  \\$d6337

