=LDR  01341cam a22002771  4500
=001  6339
=005  20250121142120.0
=008  740422s1949\\\\mc\a\\\\\\\\\\000\0beng\\
=010  \\$a   51038222 
=040  \\$aOI
=041  1\$aeng$hfre
=100  \\$aBrunold, Paul$d1875-1948$1http://www.wikidata.org/entity/Q52150584$4aut$99964
=245  10$aFrançois Couperin
=260  \\$aMonaco$bLyrebird Press$c1949
=300  \\$a75 pages$billustrations$c25 cm
=504  \\$aList of works of François Couperin published by the Lyrebird Press: p. 69-70. Recordings by François Couperin's works ... contributed by F. F. Clough and G. J. Cuming: p. 71-[77]
=600  \0$aCouperin, François$d1668-1733$1http://www.wikidata.org/entity/Q50186$96241
=648  \0$a17th Century (1601-1700)$1http://www.wikidata.org/entity/Q7016$920923
=648  \0$a18th Century (1701-1800)$1http://www.wikidata.org/entity/Q7015$920899
=650  \0$aComposer$1http://www.wikidata.org/entity/Q36834$93625
=650  \0$aBiography$1http://www.wikidata.org/entity/Q36279$91927
=651  \0$aFrance$1http://www.wikidata.org/entity/Q142$9131
=700  \\$aHanson, J. B.$4trl$927378
=942  \\$cBOO
=952  \\$00$10$2ddc$40$6BIO_COUP_D$70$8BIO$96338$aORPH$bORPH$cKTS1_P$d2020-07-08$eKoopman$i32D12$oBIO COUP d$p20123132$r2021-01-12 00:00:00$w2021-01-12$yBOO$OKoopman
=999  \\$d6339

