=LDR  00953    a2200205   4500
=001  6340
=008  220216s1958\\\\gw\a||||\||||\00|\0\ger\d
=041  \\$ager
=100  \\$aBrunzema, Daniel$4aut$99965
=245  \\$aGestaltung des Orgelprospektes im friesischen und angrenzenden Nordseeküstengebiet bis 1670 und ihre Bedeutung für die Gegenwart
=260  \\$c1958$aAurich$bHeinrich Soltau
=300  \\$a72 pages+35 leaves of plates
=336  \\$aprinted
=648  \0$a17th Century (1601-1700)$1http://www.wikidata.org/entity/Q7016$920923
=650  \0$aOrgan$1http://www.wikidata.org/entity/Q1444$92810
=650  \0$aOrgan music$1http://www.wikidata.org/entity/Q2003283$91951
=651  \0$aLower Saxony (Germany)$1http://www.wikidata.org/entity/Q1197$922735
=942  \\$cBOO
=952  \\$00$10$2ddc$40$6INS_3_000000000000000_1A_DE$70$8INS$96339$aORPH$bORPH$cKTS0$d2020-07-08$eKoopman$i30B20$oINS 3.1a DE$p20130333$r2021-01-12 00:00:00$w2021-01-12$yBOO
=999  \\$d6340

