=LDR  00565cam a22001694a 4500
=001  6341
=005  20250120115949.0
=008  050504s2005\\\\ne\\\\\\\\\\\\000\1\dut\\
=020  \\$a9050186637
=040  \\$aOI
=100  \\$aBrusse, Peter$99966
=245  10$aMet vlindernet door swinging Londen /$cPeter Brusse.
=260  \\$aAmsterdam :$bBalans,$c2005.
=300  \\$a239 p. ;$c20 cm.
=942  \\$cBOO
=952  \\$00$10$2ddc$40$6LIT_A_BRUS$70$8LIT$96340$aORPH$bORPH$cKM12_2_H$d2020-07-08$eKoopman$i40C04$oLIT a BRUS$p20120295$r2021-01-12 00:00:00$w2021-01-12$yBOO
=999  \\$c6341$d6341

