=LDR  01335aam a2200241   4500
=001  6343
=008  220617s1965\\\\||||||||\||||\00|\0\fre\d
=041  \\$afre$hgrc
=100  \\$aTheophrastus$dc. 371-c. 287 BC$4aut$1http://www.wikidata.org/entity/Q160362$95889
=245  \\$aLes caractères de Théophraste traduits du Grec, avec Les Caractères ou Les Mœurs de ce siècle
=260  \\$aParis$bGarnier Flammarion$c1965
=534  \\$aTheophrastus' 'Characters' were probably written in 319 BC; La Bruyère's translation was originally published in 1688
=648  \0$aClassical Antiquity (8th Century BC-6th Century AD)$1http://www.wikidata.org/entity/Q486761$921435
=648  \0$a17th Century (1601-1700)$1http://www.wikidata.org/entity/Q7016$920923
=650  \0$aAffect$1http://www.wikidata.org/entity/Q159904$92060
=650  \0$aMoral education$1http://www.wikidata.org/entity/Q25457248$93171
=651  \0$aFrance$1http://www.wikidata.org/entity/Q142$9131
=700  \\$4trl$4aut$aLa Bruyère, Jean de$d1645-1696$1http://www.wikidata.org/entity/Q314975$99968
=700  \\$4edt$aPignarre, R.$924425
=765  \\$aἨθικοὶ χαρακτήρες
=942  \\$cBOO
=952  \\$00$10$2ddc$40$6LIT_BRUY_A$70$8LIT$96342$aORPH$bORPH$cKM12_2_H$d2020-07-08$eKoopman$i40H16$oLIT BRUY a$p20122205$r2021-01-12 00:00:00$w2021-01-12$yBOO
=999  \\$d6343

