=LDR  01071cam a2200253 a 4500
=001  6347
=008  851202s1987\\\\pl\af\\\\b\\\\001\0\pol\\
=020  \\$a8322402988 :$czł300.00
=041  \\$apol
=100  \\$aBrzezińska, Barbara$4aut$99971
=245  10$aRepertuar polskich tabulatur organowych z pierwszej połowy XVI wieku
=250  \\$aWyd. 1
=260  \\$aKraków $bPolskie Wydawn. Muzyczne$c1987
=300  \\$a186 pages + 24 pages of plates $bill. $c23 cm
=490  \\$aMuzyka polska w dokumentach i interpretacjach
=504  \\$aBibliography: p. 148-[155].
=650  \0$aTablature$1http://www.wikidata.org/entity/Q143217$93722
=650  \0$aOrgan$1http://www.wikidata.org/entity/Q1444$92810
=650  \0$a $92091
=650  \0$aMusic history$1http://www.wikidata.org/entity/Q846047$921373
=651  \0$aPoland$1http://www.wikidata.org/entity/Q36$996
=942  \\$cBOO
=952  \\$00$10$2ddc$40$6INS_3_000000000000000_1A_PL$70$8INS$96346$aORPH$bORPH$cKTS0$d2020-07-08$eKoopman$i20E38$l0$oINS3.1a PL$p20125396$r2021-01-12 00:00:00$w2021-01-12$yBOO$OKoopman
=999  \\$d6347

