=LDR  01303    a2200277   4500
=001  6353
=005  20250925143257.0
=008  210922s1960\\\\|||ao|||\||||\001\0\ger\d
=041  \\$ager
=100  \\$aBuchner, Alexander$4aut$99978
=245  \\$aMusikinstrumente im Wandel der Zeiten
=260  \\$c1960$aHanau$bDausien
=300  \\$a323 pages
=648  \0$aMiddle Ages (500-1400)$1http://www.wikidata.org/entity/Q12554$920964
=648  \0$a15th Century (1401-1500)$1http://www.wikidata.org/entity/Q7018$921015
=648  \0$a16th Century (1501-1600)$1http://www.wikidata.org/entity/Q7017$920944
=648  \0$a17th Century (1601-1700)$1http://www.wikidata.org/entity/Q7016$920923
=648  \0$a18th Century (1701-1800)$1http://www.wikidata.org/entity/Q7015$920899
=648  \0$a19th Century (1801-1900)$1http://www.wikidata.org/entity/Q6955$920935
=648  \0$a20th Century (1901-2000)$1http://www.wikidata.org/entity/Q6927$920936
=650  \0$aOrganology$1http://www.wikidata.org/entity/Q899293$921400
=651  \0$aEurope$1http://www.wikidata.org/entity/Q46$991
=651  \0$aWorld$1http://www.wikidata.org/entity/Q2$922254
=942  \\$cBOO
=952  \\$00$10$2ddc$40$6INS_1A$70$8INS$96352$aORPH$bORPH$cKTS0$d2020-07-08$eKoopman$i47B08$oINS1a$p20121506$r2021-01-12 00:00:00$w2021-01-12$yBOO
=999  \\$d6353

