=LDR  01110aam a2200253   4500
=001  6354
=008  240327s2003\\\\|||o||||\c|||\00|\0bdut\d
=020  \\$a9789040087950
=041  \\$adut
=245  \\$aHans Holbein de Jonge 1497/98-1543:$bPortretschilder van de Renaissance
=260  \\$aZwolle$bWaanders$c2003
=600  10$aHolbein, Hans$d1460-1524$bthe Younger$1http://www.wikidata.org/entity/Q48319$927204
=648  \0$a16th Century (1501-1600)$1http://www.wikidata.org/entity/Q7017$920944
=650  \0$aFine art$1http://www.wikidata.org/entity/Q219625$921579
=650  \0$aPortrait$1http://www.wikidata.org/entity/Q134307$92622
=651  \0$aGermany$1http://www.wikidata.org/entity/Q183$9155
=700  \\$aBuck, S.$4aut$99979
=700  \\$aSander, J.$4aut$927203
=700  \\$aSuchtelen, Ariane van$4aut$914305
=700  \\$aBuvelot, Quentin$4aut$910051
=700  \\$aPloeg, Peter van der$d1965-$4aut$910055
=942  \\$cBOO
=952  \\$00$10$2ddc$40$6BIO_HOLB_A$70$8BIO$96353$aORPH$bORPH$cKTS1_P$d2020-07-08$eKoopman$i31B40$l0$oBIO HOLB a$p20121088$r2021-01-12 00:00:00$w2021-01-12$yBOO$OKoopman
=999  \\$d6354

