=LDR  01908aam a2200205   4500
=001  6355
=008  220110n\\\\\\\\\\\|||||\||||\00|\p\dut\d
=041  \\$adut
=100  \\$aBuddingh, Cees$1http://www.wikidata.org/entity/Q2232349$4edt$99980
=245  \\$aLiederen en romances:$bvan Hadewyck tot Lucebert
=260  \\$aUtrecht$bHet Spectrum$c1955
=520  \\$aVóór het gedicht en de muziek is het ongedeelde lied. En, nog is het lied de koninklijke poort tot de poëzie en tot de wereld van het pure klinken. Het is een ontdekking die in elke literatuur en in elke periode opnieuw gedaan wordt: dat in de oorspronkelijkste musische aandrift zingen en spreken, melodie en woord, samenvallen, zoals ze elke dag samenvallen in het spontane kinderlied en het nauwelijks minder spontane straatlied. De Nederlandse letteren zijn rijk aan zingende gedichten, waarbij de melodie óf verondersteld wordt, zoals in de Middeleeuwse gedichten, en vele verzen van Hooft en Bredero, óf de dichter door vorm en klank de melodie in de taal zelf inbouwt, en het vers uit eigen kracht laat zingen. Dit is vooral het geval voor de laatste eeuwen, waarin de vloeiende liedvorm door vele dichters in velerlei variaties gebruikt is. Maar ook hier, waar het lied tot een verfijnde kunstvorm is opgekweekt, blijft het voertuig van een zeer oorspronkelijke emotie, welke zich alleen kan uiten in het zingende woord.
=648  \0$aPast$1http://www.wikidata.org/entity/Q192630$922196
=650  \0$aSong$1http://www.wikidata.org/entity/Q7366$94164
=650  \0$aPoetry$1http://www.wikidata.org/entity/Q482$93026
=651  \0$aFlanders (Belgium)$1http://www.wikidata.org/entity/Q234$989
=651  \0$aNetherlands$1http://www.wikidata.org/entity/Q55$9173
=942  \\$cBOO
=952  \\$00$10$2ddc$40$6LIT_BUDD_A$70$8LIT$96354$aORPH$bORPH$cKM12_2_H$d2020-07-08$eKoopman$i40G41$oLIT BUDD a$p20122228$r2021-01-12 00:00:00$w2021-01-12$yBOO
=999  \\$d6355

