=LDR  01298cam a22002897a 4500
=001  6357
=005  20250121142120.0
=008  080214s2007\\\\ne\a\\\\\b\\\\001\0\dut\\
=020  \\$a9789077503799
=040  \\$aOI
=041  0\$adut$beng
=100  \\$aBuijnsters-Smets, Leontine$4aut$99982
=245  10$aDecoratieve prenten met geschreven wensen,$b1670-1870
=260  \\$aNijmegen$bVantilt$c2007
=300  \\$a256 pages$billustrations$c28 cm
=504  \\$aIncludes bibliographical references (p. 233-236) and index.
=546  \\$aEnglish summary.
=648  \0$a17th Century (1601-1700)$1http://www.wikidata.org/entity/Q7016$920923
=648  \0$a18th Century (1701-1800)$1http://www.wikidata.org/entity/Q7015$920899
=648  \0$a19th Century (1801-1900)$1http://www.wikidata.org/entity/Q6955$920935
=650  \0$aGreeting cards$1http://www.wikidata.org/entity/Q915196$92307
=650  \0$aVignette$1http://www.wikidata.org/entity/Q1327260$92309
=650  \0$aChild$1http://www.wikidata.org/entity/Q7569$92175
=650  \0$aCorrespondence$1http://www.wikidata.org/entity/Q1784733$921392
=942  \\$cBOO
=952  \\$00$10$2ddc$40$6TOP_NL_5_000000000000000$70$8TOP$96356$aORPH$bORPH$cKTS0$d2020-07-08$eKoopman$i38C01$l0$oTOP NL 5$p20120448$r2021-01-12 00:00:00$w2021-01-12$yBOO$OKoopman
=999  \\$d6357

