=LDR  00981cam a2200229   4500
=001  6358
=005  20250121142120.0
=008  740603s1973\\\\enka\\\\\b\\\\101\0bdut\\
=020  \\$a052120416X
=040  \\$aOI
=041  \\$adut
=100  \\$aBuijnsters, Piet$d1933-2022$1http://www.wikidata.org/entity/Q15880717$4aut$99983
=245  00$aHieronymus van Alphen (1746-1803)
=260  \\$aAssen$bGorcum$c1973
=600  \0$aAlphen, Hieronymus van$d1746-1803$1http://www.wikidata.org/entity/Q2570642$95115
=648  \0$a18th Century (1701-1800)$1http://www.wikidata.org/entity/Q7015$920899
=650  \0$aWriter$1http://www.wikidata.org/entity/Q36180$93885
=650  \0$aBiography$1http://www.wikidata.org/entity/Q36279$91927
=651  \0$aNetherlands$1http://www.wikidata.org/entity/Q55$9173
=942  \\$cBOO
=952  \\$00$10$2ddc$40$6BIO_ALPH_D$70$8BIO$96357$aORPH$bORPH$cKTS1_P$d2020-07-08$eKoopman$i24C83$l0$oBIO ALPH d$p20128968$r2021-01-12 00:00:00$w2021-01-12$yBOO$OKoopman
=999  \\$d6358

