=LDR  01484cam a22003014a 4500
=001  6359
=005  20250925143257.0
=008  100618s2010\\\\ne\a\\\\\b\\\\001\0\dut\\
=020  \\$a9789460040436
=040  \\$aOI
=041  \\$adut
=100  \\$aBuijnsters, Piet$d1933-2022$1http://www.wikidata.org/entity/Q15880717$4aut$99983
=245  10$aGeschiedenis van de Nederlandse bibliofilie:$bboek- en prentverzamelaars, 1750-2010
=260  \\$aNijmegen$bVantilt$c2010
=300  \\$a511 pages$billustrations (some color)$c25 cm
=500  \\$aDiscusses Ton Koopman's collection at pages 310-314
=504  \\$aIncludes bibliographical references (p. 475-481) and index.
=600  \0$aKoopman, Ton$d1944-$1http://www.wikidata.org/entity/Q445121$910491
=648  \0$a18th Century (1701-1800)$1http://www.wikidata.org/entity/Q7015$920899
=648  \0$a19th Century (1801-1900)$1http://www.wikidata.org/entity/Q6955$920935
=648  \0$a20th Century (1901-2000)$1http://www.wikidata.org/entity/Q6927$920936
=650  \0$aBook$1http://www.wikidata.org/entity/Q571$92285
=650  \0$aFine art$1http://www.wikidata.org/entity/Q219625$921579
=650  \0$aCollecting$1http://www.wikidata.org/entity/Q208165$92117
=651  \0$aNetherlands$1http://www.wikidata.org/entity/Q55$9173
=942  \\$cBOO
=952  \\$00$10$2ddc$40$6BIB_4_000000000000000_NL_5$70$8BIB$96358$aORPH$bORPH$cKTS0$d2020-07-08$eKoopman$i25A32$l0$oBIB4 NL 5$p20129177$r2021-01-12 00:00:00$w2021-01-12$yBOO$OKoopman
=999  \\$d6359

