=LDR  00854aam a2200193   4500
=001  6360
=008  231107s2007\\\\||||||||\||||\00|\0\dut\d
=020  \\$a989077503706
=041  \\$adut
=100  \\$aBuijnsters, Piet$d1933-2022$1http://www.wikidata.org/entity/Q15880717$4aut$99983
=245  \\$aGeschiedenis van het Nederlandse antiquariaat
=260  \\$aNijmegen$bVantilt$c2007
=650  \0$aBook$1http://www.wikidata.org/entity/Q571$92285
=650  \0$aCollecting$1http://www.wikidata.org/entity/Q208165$92117
=650  \0$aAntiquarianism$1http://www.wikidata.org/entity/Q56418598$93233
=651  \0$aNetherlands$1http://www.wikidata.org/entity/Q55$9173
=942  \\$cBOO
=952  \\$00$10$2ddc$40$6BIB_4_000000000000000_NL$70$8BIB$96359$aORPH$bORPH$cKTS0$d2020-07-08$eKoopman$i25A33$l0$oBIB4 NL$p20129176$r2021-01-12 00:00:00$w2021-01-12$yBOO$OKoopman
=999  \\$d6360

