=LDR  00885nam a2200229u  4500
=001  6362
=003  OI
=005  20250121142120.0
=008  850225s1984\\\\ne\||||||\\\\|000\||dut|c
=020  \\$a9061942543
=040  \\$aOI
=041  \\$adut
=100  \\$aBuijnsters, Piet$d1933-2022$1http://www.wikidata.org/entity/Q15880717$99983
=245  10$aNederlandse literatuur van de achttiende eeuw:$cveertien verkenningen
=260  \\$aUtrecht$bHES$c1984
=300  \\$a248 pages
=648  \0$a18th Century (1701-1800)$1http://www.wikidata.org/entity/Q7015$920899
=650  \0$aLiterature$1http://www.wikidata.org/entity/Q8242$94439
=651  \0$aNetherlands$1http://www.wikidata.org/entity/Q55$9173
=942  \\$cBOO
=952  \\$00$10$2ddc$40$6TOP_NL_5_000000000000000$70$8TOP$96361$aORPH$bORPH$cKTS0$d2020-07-08$eKoopman$i29C22$oTOP NL 5$p20123463$r2021-01-12 00:00:00$w2021-01-12$yBOO
=999  \\$d6362

