=LDR  01181cam a2200265 a 4500
=001  6363
=005  20250120120235.0
=008  010409s2001\\\\ne\a\\\\\b\\\\001\0\dut\\
=020  \\$a9040095299
=040  \\$aOI
=041  0\$adut$beng
=100  \\$aBuijnsters, Piet$d1933-2022$1http://www.wikidata.org/entity/Q15880717$4aut$99983
=245  10$aLust en leerling:$bgeschiedenis van het Nederlandse kinderboek in de negentiende eeuw
=260  \\$aZwolle$bWaanders$c2001
=300  \\$a504 pages$billustrations (some color)$c26 cm
=504  \\$aIncludes bibliographical references (p. 459-472) and indexes.
=546  \\$aSummary in English.
=648  \0$a19th Century (1801-1900)$1http://www.wikidata.org/entity/Q6955$920935
=650  \0$aChild$1http://www.wikidata.org/entity/Q7569$92175
=650  \0$aLiterature$1http://www.wikidata.org/entity/Q8242$94439
=651  \0$aNetherlands$1http://www.wikidata.org/entity/Q55$9173
=700  \\$aBuijnsters-Smets, Leontine$4aut$99982
=942  \\$cBOO
=952  \\$00$10$2ddc$40$6TOP_NL_6_000000000000000$70$8TOP$96362$aORPH$bORPH$cKTS0$d2020-07-08$eKoopman$i30D18$l0$oTOP NL 6$p20121186$r2021-01-12 00:00:00$w2021-01-12$yBOO$OKoopman
=999  \\$d6363

