=LDR  01294cam a2200289 a 4500
=001  6364
=005  20250218163405.0
=008  970908s1997\\\\ne\a\\\\\b\\\\001\0\dut\\
=020  \\$a9040098654
=040  \\$aOI
=041  0\$adut$beng
=100  \\$aBuijnsters, Piet$d1933-2022$1http://www.wikidata.org/entity/Q15880717$4aut$99983
=245  10$aBibliografie van Nederlandse school- en kinderboeken 1700-1800
=260  \\$aZwolle$bWaanders$c1997
=300  \\$a318 pages$billustrations (some color)$c26 cm
=504  \\$aIncludes bibliographical references and indexes.
=546  \\$aSummary in English.
=648  \0$a18th Century (1701-1800)$1http://www.wikidata.org/entity/Q7015$920899
=650  \0$aLiterature$1http://www.wikidata.org/entity/Q8242$94439
=650  \0$aEducation$1http://www.wikidata.org/entity/Q8434$926206
=650  \0$aChild$1http://www.wikidata.org/entity/Q7569$92175
=650  \0$aBibliography$1http://www.wikidata.org/entity/Q134995$93965
=651  \0$aNetherlands$1http://www.wikidata.org/entity/Q55$9173
=700  \\$aBuijnsters-Smets, Leontine$4aut$99982
=942  \\$cBOO
=952  \\$00$10$2ddc$40$6BIB_4_000000000000000_NL_5$70$8BIB$96363$aORPH$bORPH$cKTS0$d2020-07-08$eKoopman$i33C26$l0$oBIB4 NL 5$p20122999$r2021-01-12 00:00:00$w2021-01-12$yBOO$OKoopman
=999  \\$d6364

