=LDR  01215cam a2200265 a 4500
=001  6365
=005  20250121142120.0
=008  850820s1984\\\\ne\a\\\\\b\\\\001\0cdut\\
=020  \\$a9024799864 :$cfl 62.50
=040  \\$aOI
=100  \\$aBuijnsters, Piet$d1933-2022$1http://www.wikidata.org/entity/Q15880717$99983
=245  10$aWolff & Deken:$been biografie
=260  \\$aLeiden$bNijhoff$c1984
=300  \\$a416 pages$billustrations$c24 cm
=504  \\$aIncludes bibliographical references and indexes.
=600  \0$aDeken, Aagje$d1741-1804$1http://www.wikidata.org/entity/Q255601$95922
=600  \0$aWolff, Betje$d1738-1804$1http://www.wikidata.org/entity/Q183007$95119
=648  \0$a18th Century (1701-1800)$1http://www.wikidata.org/entity/Q7015$920899
=650  \0$aWriter$1http://www.wikidata.org/entity/Q36180$93885
=650  \0$aFemale$1http://www.wikidata.org/entity/Q6581072$921764
=650  \0$aBiography$1http://www.wikidata.org/entity/Q36279$91927
=651  \0$aNetherlands$1http://www.wikidata.org/entity/Q55$9173
=942  \\$cBOO
=952  \\$00$10$2ddc$40$6BIO_WOLF3_D$70$8BIO$96364$aORPH$bORPH$cKTS1_P$d2020-07-08$eKoopman$i34E20$oBIO WOLF3 d$p20120808$r2021-01-12 00:00:00$w2021-01-12$yBOO
=999  \\$d6365

