=LDR  01177cam a2200277 a 4500
=001  6366
=005  20250925143257.0
=008  980205s1997\\\\ne\\\\\\\b\\\\000\0\dut\\
=020  \\$a9070386925 :$cfl 19.50
=040  \\$aOI
=041  \\$adut
=100  1\$aBuijnsters, P. J.$4aut
=245  14$aHet Nederlandse antiquariaat tijdens de Tweede Wereldoorlog
=260  \\$aAmsterdam$bDe Buitenkant$c1997
=300  \\$a46 pages$c22 cm
=490  \\$aBert van Selm-lezing$v6
=504  \\$aIncludes bibliographical references (p. 36-37).
=648  \0$a20th Century (1901-2000)$1http://www.wikidata.org/entity/Q6927$920936
=650  \0$aBook$1http://www.wikidata.org/entity/Q571$92285
=650  \0$aTrade$1http://www.wikidata.org/entity/Q601401$923616
=650  \0$aAntiquarianism$1http://www.wikidata.org/entity/Q56418598$93233
=650  \0$aWorld War II (1939-1945)$1http://www.wikidata.org/entity/Q362$93004
=651  \0$aNetherlands$1http://www.wikidata.org/entity/Q55$9173
=942  \\$cBOO
=952  \\$00$10$2ddc$40$6BIB_4_000000000000000_NL$70$8BIB$96365$aORPH$bORPH$cKTS0$d2020-07-08$eKoopman$i35A07$l0$oBIB4 NL$p20122551$r2021-01-12 00:00:00$w2021-01-12$yBOO$OKoopman
=999  \\$d6366

