=LDR  00808aam a2200193   4500
=001  6367
=008  231107s1985\\\\||||||||\||||\00|\0\dut\d
=020  \\$a9061940958
=041  \\$adut
=100  \\$aBuijnsters, Piet$d1933-2022$1http://www.wikidata.org/entity/Q15880717$4aut$99983
=245  \\$aHet verzamelen van boeken:$bEen handleiding
=260  \\$aUtrecht$bHES Uitgevers$c1985
=300  \\$a192 pages
=650  \0$aBook$1http://www.wikidata.org/entity/Q571$92285
=650  \0$aCollecting$1http://www.wikidata.org/entity/Q208165$92117
=650  \0$aMethod$1http://www.wikidata.org/entity/Q2250960$921402
=942  \\$cBOO
=952  \\$00$10$2ddc$40$6BIB_1_000000000000000_BUIJ$70$8BIB$96366$aORPH$bORPH$cKTS0$d2020-07-08$eKoopman$i42D10$l0$oBIB1 BUIJ$p20122057$r2021-01-12 00:00:00$w2021-01-12$yBOO$OKoopman
=999  \\$d6367

