=LDR  01432cam a22003014a 4500
=001  6368
=005  20250925143257.0
=008  051102s2005\\\\ne\a\\\\\b\\\\001\0\dut\\
=020  \\$a9040090637
=040  \\$aOI
=041  0\$adut$beng
=245  10$aPapertoys:$bSpeelprenten en papieren speelgoed in Nederland (1640-1920)
=260  \\$aZwolle$bWaanders$c2005
=300  \\$a416 pages$billustrations (some color)$c26 cm
=504  \\$aIncludes bibliographical references (p. 380-391) and index.
=546  \\$aSummary in English.
=648  \0$a17th Century (1601-1700)$1http://www.wikidata.org/entity/Q7016$920923
=648  \0$a18th Century (1701-1800)$1http://www.wikidata.org/entity/Q7015$920899
=648  \0$a19th Century (1801-1900)$1http://www.wikidata.org/entity/Q6955$920935
=648  \0$a20th Century (1901-2000)$1http://www.wikidata.org/entity/Q6927$920936
=650  \0$aBoard game$1http://www.wikidata.org/entity/Q131436$92325
=650  \0$aPaper toy$1http://www.wikidata.org/entity/Q7132721$92327
=651  \0$aNetherlands$1http://www.wikidata.org/entity/Q55$9173
=700  \\$aBuijnsters, Piet$d1933-2022$1http://www.wikidata.org/entity/Q15880717$4aut$99983
=700  \\$aBuijnsters-Smets, Leontine$4aut$99982
=942  \\$cBOO
=952  \\$00$10$2ddc$40$6TOP_NL_5_000000000000000$70$8TOP$96367$aORPH$bORPH$cKTS0$d2020-07-08$eKoopman$i45A02$l0$oTOP NL 5$p20127447$r2021-01-12 00:00:00$w2021-01-12$yBOO$OKoopman
=999  \\$d6368

