=LDR  01348cam a2200289 i 4500
=001  6369
=005  20250925143257.0
=008  130124s2013\\\\ne\a\\\\\b\\\\001\0\dut\\
=020  \\$a9789460041235
=020  \\$a946004123X
=040  \\$aOI
=041  \\$adut
=100  \\$aBuijnsters, Piet$d1933-2022$1http://www.wikidata.org/entity/Q15880717$4aut$99983
=245  10$aGeschiedenis van antiquariaat en bibliofilie in België (1830-2012)
=260  \\$aNijmegen$bVantilt$c2013
=300  \\$a445 pages$billustrations, some color$c25 cm
=648  \0$a19th Century (1801-1900)$1http://www.wikidata.org/entity/Q6955$920935
=648  \0$a20th Century (1901-2000)$1http://www.wikidata.org/entity/Q6927$920936
=648  \0$a21st Century (2001-2100)$1http://www.wikidata.org/entity/Q6939$920812
=650  \0$aBook$1http://www.wikidata.org/entity/Q571$92285
=650  \0$aCollecting$1http://www.wikidata.org/entity/Q208165$92117
=650  \0$aAntiquarianism$1http://www.wikidata.org/entity/Q56418598$93233
=650  \0$aBibliophilia$1http://www.wikidata.org/entity/Q214719$921630
=651  \0$aBelgium$1http://www.wikidata.org/entity/Q31$920881
=942  \\$cBOO
=952  \\$00$10$2ddc$40$6BIB_4_000000000000000_BE_6$70$8BIB$96368$aORPH$bORPH$cKTS0$d2020-07-08$eKoopman$i45E29$l0$oBIB4 BE 6$p20127462$r2021-01-12 00:00:00$w2021-01-12$yBOO$OKoopman
=999  \\$d6369

