=LDR  01655cam a2200361 a 4500
=001  6371
=005  20250121142120.0
=008  930726s1993\\\\ne\a\\\\\bc\\\000\0\dut\\
=020  \\$a906630295X (geb.)
=020  \\$a9066302941 (museumeditie)
=040  \\$aOI
=041  0\$aduteng
=100  \\$aBuijsen, Edwin$99990
=245  10$aCornelis Troost en het theater:$btonelen van de 18de eeuw
=246  31$aCornelis Troost and the theatre of his time
=246  18$aCornelis Troost
=260  \\$aThe Hague$bMauritshuis$aZwolle$bWaanders$c1993
=300  \\$a96 pages$billustrations (some color)$c29 cm
=504  \\$aIncludes bibliographical references (p. 94-95).
=546  \\$aDutch and English.
=600  \0$aTroost, Cornelis$d1697-1750$1http://www.wikidata.org/entity/Q2627927$99991
=610  \0$aKoninklijke Schouwburg (The Hague, Netherlands)$1http://www.wikidata.org/entity/Q2040000$91680
=648  \0$a18th Century (1701-1800)$1http://www.wikidata.org/entity/Q7015$920899
=650  \0$aTheater history$1http://www.wikidata.org/entity/Q1061140$94607
=650  \0$aIconography$1http://www.wikidata.org/entity/Q208145$921259
=650  \0$aFine art$1http://www.wikidata.org/entity/Q219625$921579
=651  \0$aNetherlands$1http://www.wikidata.org/entity/Q55$9173
=700  \\$aNiemeijer, Jan Wolter$d-1927$99992
=700  \\$aBoer, Marjolein de$99993
=710  \\$aMauritshuis (The Hague, Netherlands)$1http://www.wikidata.org/entity/Q221092$91261
=942  \\$cBOO
=952  \\$00$10$2ddc$40$6BIO_TROO_E$70$8BIO$96370$aORPH$bORPH$cKTS1_P$d2020-07-08$eKoopman$i30C29$oBIO TROO e$p20121209$r2021-01-12 00:00:00$w2021-01-12$yBOO$OKoopman
=999  \\$d6371

