=LDR  01026aam a2200217   4500
=001  6374
=008  241210s1942\\\\||||||||\||||\00|\0\dut\d
=041  \\$adut
=100  \\$aBuitendijk, W. J. C.$4aut$99996
=245  \\$aHet Calvinisme in de spiegel van de Zuid-Nederlandse literatuur der Contra-Reformatie
=260  \\$c1942$aGroningen$bWolters
=300  \\$a369 pages
=648  \0$a16th Century (1501-1600)$1http://www.wikidata.org/entity/Q7017$920944
=648  \0$a17th Century (1601-1700)$1http://www.wikidata.org/entity/Q7016$920923
=650  \0$aCalvinism$1http://www.wikidata.org/entity/Q101849$923719
=650  \0$aLiterature$1http://www.wikidata.org/entity/Q8242$94439
=651  \0$aFlanders (Belgium)$1http://www.wikidata.org/entity/Q234$989
=651  \0$aBelgium$1http://www.wikidata.org/entity/Q31$920881
=942  \\$cBOO
=952  \\$00$10$2ddc$40$6TOP_BE_FLA_4_000000000000000$70$8TOP$96373$aORPH$bORPH$cKTS0$d2020-07-08$eKoopman$i34E10$l0$oTOP BE.FLA 4$p20120819$r2021-01-12 00:00:00$w2021-01-12$yBOO$OKoopman
=999  \\$d6374

