=LDR  00918aab a2200229   4500
=001  6375
=008  220114s2011\\\\\\\|||||\||||\00|\0\dut\d
=041  \\$adut
=245  \\$aToeval bestaat niet:$bKoppermaandag 2011 : Drie mannen in de ban van de Joodse exlibris
=260  \\$aAmsterdam$bDe Buitenkant$c2011
=300  \\$a16 pages
=561  \\$aEx libris
=650  \0$aBookplate$926750
=650  \0$aJudaism$1http://www.wikidata.org/entity/Q9268$926210
=651  \0$aNetherlands$1http://www.wikidata.org/entity/Q55$1https://www.wikidata.org/wiki/Q29999$9173
=700  \\$aAarts, Jan$4aut$939247
=700  \\$aHoogewoud, Frits$4aut$939248
=700  \\$aKooyman, Chris$4aut$939249
=700  \\$aRottenberg, Sandra$4win$939250
=942  \\$cPER
=952  \\$00$10$2ddc$40$6BIB_1_000000000000000_AART$70$8BIB$96374$aORPH$bORPH$cKTS0$d2020-07-08$eKoopman$i38E05$oBIB1 AART$p20120397$r2021-01-12 00:00:00$w2021-01-12$yBOO
=999  \\$d6375

