=LDR  01057aam a2200229   4500
=001  6376
=008  220406s1948\\\\|||g||||\||||\00|\0\eng\d
=041  \\$aeng
=100  \\$aBukofzer, Manfred$d1910-1955$4aut$1http://www.wikidata.org/entity/Q65927$99998
=245  \\$aMusic in the Baroque Era from Monteverdi to Bach
=250  \\$a2nd ed.
=260  \\$aLondon$bDent$c1948
=534  \\$cNew York: Norton, 1947
=648  \0$a17th Century (1601-1700)$1http://www.wikidata.org/entity/Q7016$920923
=648  \0$a18th Century (1701-1800)$1http://www.wikidata.org/entity/Q7015$920899
=650  \0$aBaroque$1http://www.wikidata.org/entity/Q37853$921255
=650  \0$aMusic history$1http://www.wikidata.org/entity/Q846047$921373
=651  \0$aEurope$1http://www.wikidata.org/entity/Q46$991
=700  \\$aPirro, André$d1869-1943$1http://www.wikidata.org/entity/Q522323$4dte$97620
=942  \\$cBOO
=952  \\$00$10$2ddc$40$6GHM_5_000000000000000$70$8GHM$96375$aORPH$bORPH$cKM12_1$d2020-07-08$eKoopman$i30A04$oGHM5$p20123444$r2021-01-12 00:00:00$w2021-01-12$yBOO
=999  \\$d6376

