=LDR  01018aam a2200205   4500
=001  6378
=008  211015s1899\\\\||||||||\||||\00|\i\ger\d
=041  \\$ager
=100  \\$aBülow, Hans von$d1830-1894$4crp$1http://www.wikidata.org/entity/Q155540$98780
=245  \\$aBriefe und Schriften
=260  \\$aLeipzig$bBreitkopf & Härtel$c1899
=300  \\$a2 vols.
=648  \0$a19th Century (1801-1900)$1http://www.wikidata.org/entity/Q6955$920935
=650  \0$aCorrespondence$1http://www.wikidata.org/entity/Q1784733$921392
=650  \0$aMusic criticism$1http://www.wikidata.org/entity/Q11748889$921598
=651  \0$aGermany$1http://www.wikidata.org/entity/Q183$9155
=942  \\$cBOO
=952  \\$00$10$2ddc$3Band 1$40$6BIO_BULO_A$70$8BIO$96377$aORPH$bORPH$cKTS1_P$d2020-07-08$eKoopman$i32C32$oBIO BULO a$p20122889$r2021-01-12 00:00:00$w2021-01-12$yBOO
=952  \\$00$10$2ddc$3Band 2$40$6BIO_BULO_A$70$8BIO$96378$aORPH$bORPH$cKTS1_P$d2020-07-08$eKoopman$i32C32$oBIO BULO a$p20122888$r2021-01-12 00:00:00$w2021-01-12$yBOO
=999  \\$d6378

