=LDR  01082aam a2200217   4500
=001  6382
=005  20251013180934.0
=008  250211s1966\\\\||||||||\||||\00|\0\ger\d
=041  \\$ager
=100  \\$aBunners, Christian$d1934-2024$1http://www.wikidata.org/entity/Q1079099$910002$4aut
=245  \\$aKirchenmusik und Seelenmusik.$bStudien zu Frömmigkeit und Musik im Luthertum des 17. Jahrhunderts
=260  \\$c1966$aGöttingen$bVandenhoeck & Ruprecht
=300  \\$a175 pages
=648  \0$a17th Century (1601-1700)$1http://www.wikidata.org/entity/Q7016$920923
=650  \0$aLutheranism$1http://www.wikidata.org/entity/Q75809$923975
=650  \0$aChurch music$1http://www.wikidata.org/entity/Q8812109$1http://www.wikidata.org/entity/Q1065742$92283
=650  \0$aPietism$1http://www.wikidata.org/entity/Q193664$923132
=651  \0$aGermany$1http://www.wikidata.org/entity/Q183$9155
=942  \\$cBOO
=952  \\$00$10$2ddc$40$6TOP_DE_5_000000000000000$70$8TOP$96381$aORPH$bORPH$cKTS0$d2020-07-08$eKoopman$i28D36$l0$oTOP DE 5$p20123571$r2021-01-12 00:00:00$w2021-01-12$yBOO$OKoopman
=999  \\$d6382

