=LDR  00335    a2200109   4500
=001  6383
=100  \\$aBuonarroti, M.$910003
=245  \\$aRime
=260  \\$c1975
=942  \\$cBOO
=952  \\$00$10$2ddc$40$6LIT_BUON_A$70$8LIT$96382$aORPH$bORPH$cKM12_2_H$d2020-07-08$eKoopman$i40B22$oLIT BUON a$p20120311$r2021-01-12 00:00:00$w2021-01-12$yBOO
=999  \\$c6383$d6383

