=LDR  01210    a2200241   4500
=001  6384
=008  210928e1989\\\\be\|||||\||||\00|\0\fre\d
=041  \\$afre
=245  \\$aRecherches sur les facteurs de clavecins et les luthiers d'Anvers
=260  \\$c1989$aBrussels$bLe Phénix
=300  \\$a32 pages
=561  \\$aEx Libris Ton Koopman 
=648  \0$a16th Century (1501-1600)$1http://www.wikidata.org/entity/Q7017$920944
=648  \0$a17th Century (1601-1700)$1http://www.wikidata.org/entity/Q7016$920923
=648  \0$a18th Century (1701-1800)$1http://www.wikidata.org/entity/Q7015$920899
=648  \0$a19th Century (1801-1900)$1http://www.wikidata.org/entity/Q6955$920935
=650  \0$aOrganology$1http://www.wikidata.org/entity/Q899293$921400
=650  \0$aKeyboard instrument$1http://www.wikidata.org/entity/Q52954$92849
=651  \0$aAntwerp (Belgium)$1http://www.wikidata.org/entity/Q12892$920974
=700  \\$4aut$aBurbure, Léon de$d1812-1889$1http://www.wikidata.org/entity/Q13749249$917226
=942  \\$cBOO
=952  \\$00$10$2ddc$40$6INS_3_000000000000000_2B_BE_ANT$70$8INS$96383$aORPH$bORPH$cKTS0$d2020-07-08$eKoopman$i21C22$oINS3.2b BE.ANT$p20128217$r2021-01-12 00:00:00$w2021-01-12$yBOO
=999  \\$d6384

