=LDR  01254    a2200241   4500
=001  6385
=008  211205s1960\\\\\\\|||||\||||\00|\0\dut\d
=041  \\$adut$hger
=100  \\$aBurckhardt, Jacob$d1818-1897$4aut$1http://www.wikidata.org/entity/Q59945$910005
=245  \\$aDe cultuur der Renaissance in Italië
=260  \\$aUtrecht$bPrisma$c1960
=300  \\$a2 volumes (208+222 pages)
=504  \\$aIncludes a register: vol. 2, p. 215
=534  \\$aOriginally published in 1860
=648  \0$aRenaissance (1400-1600)$1http://www.wikidata.org/entity/Q4692$920965
=648  \0$a19th Century (1801-1900)$1http://www.wikidata.org/entity/Q6955$920935
=650  \0$aCultural history$1http://www.wikidata.org/entity/Q858517$922395
=651  \0$aItaly$1http://www.wikidata.org/entity/Q38$922
=765  \\$aDie Kultur der Renaissance in Italien
=942  \\$cBOO
=952  \\$00$10$2ddc$3vol. 1$40$6TOP_IT_4_000000000000000$70$8TOP$96384$aORPH$bORPH$cKTS0$d2020-07-08$eKoopman$i40D03_01$l1$oTOP IT 4$p20130265$r2024-02-08 00:00:00$s2024-01-10$w2021-01-12$yBOO
=952  \\$00$10$2ddc$3vol. 2$40$6TOP_IT_4_000000000000000$70$8TOP$96385$aORPH$bORPH$cKTS0$d2020-07-08$eKoopman$i40D03_02$l1$oTOP IT 4$p20130266$r2024-02-15 00:00:00$s2024-01-10$w2021-01-12$yBOO
=999  \\$d6385

