=LDR  01340cam a2200349 a 4500
=001  6387
=005  20250121142120.0
=007  co\bg|---|||||
=008  081022s2008\\\\gw\ag\\\\bm\\\000\0\ger\d
=010  \\$a  2008468372
=020  \\$a9783631579206 (Pbk.)
=020  \\$a3631579209 (Pbk.)
=035  \\$a(OCoLC)ocn426827007
=035  \\$a(OCoLC)426827007
=040  \\$aCOO$cCOO$dSZ9XM$dDLC
=042  \\$alccopycat
=043  \\$ae-it---
=100  1\$aBurde, Ines,$d1975-
=245  14$aDie venezianische Kirchenmusik von Baldassare Galuppi /$cInes Burde.
=250  \\$a[1. Aufl.]
=260  \\$aFrankfurt am Main  :$bP. Lang,$c2008.
=300  \\$a185 p. :$bill., music ;$c21 cm. +$e1 CD-ROM (4 3/4 in.)
=502  \\$aOriginally presented as author's doctoral thesis--Halle, 2007.
=504  \\$aIncludes bibliographical references.
=500  \\$aCD-ROM contains index of works.
=600  10$aGaluppi, Baldassare,$d1706-1785.
=650  \0$aChurch music$zItaly$zVenice$y18th century.
=952  \\$00$10$2ddc$40$6BIO_GALU_E$70$8BIO$96386$aORPH$bORPH$cKTS1_P$d2020-07-08$eKoopman$i37C20$l0$oBIO GALU e$p20120572$r2021-01-12 00:00:00$w2021-01-12$yBOO$OKoopman
=999  \\$c6387$d6387
=651  \0$aItaly$1http://www.wikidata.org/entity/Q38$922
=648  \0$a18th Century (1701-1800)$1http://www.wikidata.org/entity/Q7015$920899
=942  \\$cBOO

