=LDR  01263aam a2200265   4500
=001  6389
=008  231127s1928\\\\nl\a||||\||||\00|\0\dut\d
=041  \\$adut
=100  \\$aBurger, C. P.$910007$4aut
=245  \\$aPerkamenten leerboekjes
=260  \\$c1923$aThe Hague$bNijhoff
=300  \\$a8 pages
=500  \\$aoffprint
=500  \\$aAbout several versions of the 'Donaat', a Latin tutor for beginners (named after the authour Aelius Donatus).
=590  \\$aOverdruk uit "Het Boek", 's-Gravenhage - Martinus Nijhoff
=648  \0$a15th Century (1401-1500)$1http://www.wikidata.org/entity/Q7018$921015
=648  \0$a16th Century (1501-1600)$1http://www.wikidata.org/entity/Q7017$920944
=650  \0$aBook$1http://www.wikidata.org/entity/Q571$92285
=650  \0$aLatin$1http://www.wikidata.org/entity/Q397$93992
=650  \0$aMethod$1http://www.wikidata.org/entity/Q2250960$921402
=651  \0$aNetherlands$1http://www.wikidata.org/entity/Q55$1https://www.wikidata.org/wiki/Q29999$9173
=651  \0$aBelgium$1http://www.wikidata.org/entity/Q31$920881
=942  \\$cBOO
=952  \\$00$10$2ddc$40$6BIB_2_000000000000000_BURG$70$8BIB$96388$aORPH$bORPH$cKTS0$d2020-07-08$eKoopman$i42F22$l0$oBIB2 BURG$p20121993$r2021-01-12 00:00:00$w2021-01-12$yBOO$OKoopman
=999  \\$d6389

