=LDR  01418cam a22002774i 4500
=001  6391
=008  130624s2013\\\\ne\ag\\\\b\\\\001\0\eng\\
=010  \\$a  2013442274
=015  \\$a25721892$2bccb
=041  \\$aeng
=100  \\$aBurgers, Jan W. J.$4aut$918490
=245  14$aThe Lute in the Dutch Golden Age.$bMusical Culture in the Netherlands 1580-1670
=264  \1$aAmsterdam $bAmsterdam University Press $c2013
=300  \\$a262 pages$billustrations, music$c26 cm.
=490  0\$aAmsterdam studies in the Dutch golden age,
=504  \\$aIncludes bibliographical references (pages 235-241) and index.
=648  \0$a17th Century (1601-1700)$1http://www.wikidata.org/entity/Q7016$920923
=650  \0$aLute$1http://www.wikidata.org/entity/Q180733$93944
=650  \0$aMusic history$1http://www.wikidata.org/entity/Q846047$921373
=651  \0$aNetherlands$1http://www.wikidata.org/entity/Q55$9173
=856  \\$uhttp://www.loc.gov/catdir/enhancements/fy1407/2013442274-t.html$3Table of contents only
=856  \\$uhttp://www.loc.gov/catdir/enhancements/fy1407/2013442274-b.html$3Contributor biographical information
=856  \\$uhttp://www.loc.gov/catdir/enhancements/fy1407/2013442274-d.html$3Publisher description
=942  \\$cBOO
=952  \\$00$10$2ddc$40$6INS_5_000000000000000_1A_NL$70$8INS$96390$aORPH$bORPH$cKTS0$d2020-07-08$eKoopman$i44B40$oINS5.1a NL$p20126673$r2021-01-12 00:00:00$w2021-01-12$yBOO
=999  \\$d6391

