=LDR  03418cam a22003977i 4500
=001  6395
=005  20250624175350.0
=008  150901s2015\\\\be\acgh\\bc\\\000\0\dut\d
=020  \\$a9789059086814$q(hardback)
=041  0\$adut$aeng
=245  00$aMeerstemmigheid in beeld:$bzeven meesterwerken uit het atelier van Petrus Alamire
=246  31$aPolyphony in the picture:$bseven masterpieces from the workshop of Petrus Alamire
=260  \\$aLeuven$bDavidsfonds$c2015
=300  \\$a255 pages$bcolor illustrations, facsimiles, music, portraits$c32 cm
=505  \\$gMatthaeus Pipelare, Memorare mater Christi / Pierre de la Rue, Missa de septem doloribus beate Marie Virginis / Pierre de la Rue, Missa Alleluia / Pierre de la Rue, Missa Ista est speciosa / Alexander Agricola, Missa In myne zyn / Anon., Procj dolor / Amtoine de Févin, Missa pro fidelibus defunctis
=520  \\$a"Petrus Imhoff, alias Alamire (c. 1470-1536), was the mastermind behind more than sixty wonderfully illuminated music manuscripts.  Following in the footsteps of an older colleague or predecessor whose identity is now unknown, he headed a scriptorium or workshop with music scribes and illuminators that produced music manuscripts on commission from churches, brotherhoods, sovereigns, and wealthy courtiers. Forty-nine manuscripts still survive complete, distributed throughout Europe, with the remainer preserved as tantalizing fragments. The books are not only a treat for the eyes, but also for the ears: they contain the very best ensemble vocal music - polyphony - from between 1480 and 1535. This book focuses on the seven Alamire manuscripts that are today preserved in Belgium. For eacht manuscripts, the most beautiful pages and illuminations are displayed in high resolution images. In addition, one of the musical works in each manuscript is discussed in detail, including historical context and a listening guide."--Publisher's website.
=546  \\$aText in Dutch and English.
=600  \0$aAlamire, Petrus$d1470-1536$1http://www.wikidata.org/entity/Q2786299$910016
=600  \0$aLa Rue, Pierre de$d1460-1518$1http://www.wikidata.org/entity/Q370540$918724
=610  \0$aKoninklijke Bibliotheek van België / Bibliothèque royale 'Albert Ier' (Brussels, Belgium)$1http://www.wikidata.org/entity/Q383931$91442
=648  \0$a15th Century (1401-1500)$1http://www.wikidata.org/entity/Q7018$921015
=648  \0$a16th Century (1501-1600)$1http://www.wikidata.org/entity/Q7017$920944
=650  \0$aIconography$1http://www.wikidata.org/entity/Q208145$921259
=650  \0$aManuscript$1http://www.wikidata.org/entity/Q87167$92275
=650  \0$aCalligraphy$1http://www.wikidata.org/entity/Q12681$921626
=651  \0$aAntwerp (Belgium)$1http://www.wikidata.org/entity/Q12892$920974
=700  \\$aBurn, David J.$d-1974$910017$4edt
=700  \\$aBossuyt, Ignace$1http://www.wikidata.org/entity/Q2419781$916619$4aut
=700  \\$aBull, Stratton$939527$4aut
=700  \\$aFitch, Fabrice$1http://www.wikidata.org/entity/Q112445742$916491$4aut
=700  \\$aMeconi, Honey$939528$4aut
=700  \\$aThelen, Emily$939529$4aut
=700  \\$aSnellings, Dirk$d1959-2014$1http://www.wikidata.org/entity/Q52836612$917839$4dte
=942  \\$cBOO
=952  \\$00$10$2ddc$40$6BIB_4_000000000000000_BE_ALAM$70$8BIB$96394$aORPH$bORPH$cKTS0$d2020-07-08$eKoopman$i46B15$oBIB4 BE ALAM$p20127606$r2021-01-12 00:00:00$w2021-01-12$yBOO
=999  \\$d6395

