=LDR  01152aam a2200241   4500
=001  6396
=005  20251003085456.0
=008  211103s1990\\\\-ukf||||\||||\00|\0\eng\d
=041  \\$aeng
=100  \\$aBurnett, Richard$4col$4win$910018
=245  \\$aThe Finchcocks Collection
=260  \\$aKent$bRichard Burnett Collection of Historical Keyboard Instruments$c1991
=300  \\$a16 pages
=610  \0$aFinchcocks Collection (Tunbridge Wells, United Kingdom)$1http://www.wikidata.org/entity/Q5449829$922674
=648  \0$a17th Century (1601-1700)$1http://www.wikidata.org/entity/Q7016$920923
=648  \0$a18th Century (1701-1800)$1http://www.wikidata.org/entity/Q7015$920899
=650  \0$aKeyboard instrument$1http://www.wikidata.org/entity/Q52954$92849
=650  \0$aCatalogue$1http://www.wikidata.org/entity/Q2352616$921484
=651  \0$aUnited Kingdom$1http://www.wikidata.org/entity/Q21$1http://www.wikidata.org/entity/Q145$9273
=700  \\$aDow, William$4cur$940585
=942  \\$cBOO
=952  \\$00$10$2ddc$40$6INS_3A_FINC$70$8INS$96395$aORPH$bORPH$cKTS0$d2020-07-08$eKoopman$i21A12$oINS3a FINC$p20128331$r2021-01-12 00:00:00$w2021-01-12$yBOO
=999  \\$d6396

