=LDR  01120aam a2200205   4500
=001  6398
=008  211020s1957\\\\\\\g||||\||||\00|\0deng\d
=041  \\$aeng
=100  \\$aBurney, Charles$d1726-1814$4aut$1http://www.wikidata.org/entity/Q547002$910020
=245  \\$aA General History of Music from the Earliest Ages to the Present Period (1789)
=260  \\$aNew York$bDover$c1957
=300  \\$a2 vols.
=534  \\$aOriginally published in 1776-89, see 04K14
=648  \0$a18th Century (1701-1800)$1http://www.wikidata.org/entity/Q7015$920899
=650  \0$aMusic history$1http://www.wikidata.org/entity/Q846047$921373
=651  \0$aLondon (United Kingdom)$1http://www.wikidata.org/entity/Q84$9123
=942  \\$cBOO
=952  \\$00$10$40$6GHM_0_000000000000000_GLASS_CUPBOARD$70$8GHM$96396$aORPH$bORPH$cKM12_1$d2020-07-08$eKoopman$i30A09$oGHM0 (glass cupboard)$p20123438$r2021-01-12 00:00:00$w2021-01-12$yBOO$OKoopman
=952  \\$00$10$40$6GHM_0_000000000000000_GLASS_CUPBOARD$70$8GHM$96397$aORPH$bORPH$cKM12_1$d2020-07-08$eKoopman$i30A09$oGHM0 (glass cupboard)$p20123437$r2021-01-12 00:00:00$w2021-01-12$yBOO$OKoopman
=999  \\$d6398

