=LDR  01579cam a2200265 i 4500
=001  6399
=008  760212r19741771enkabcf\\b\\\\001\0deng\d
=041  \\$aeng
=100  \\$aBurney, Charles$d1726-1814$1http://www.wikidata.org/entity/Q547002$4aut$910020
=240  10$aPresent State of Music in France and Italy
=245  10$aMusic, Men, and Manners in France and Italy, 1770$bBeing the Journal Written by Charles Burney during a Tour through those Countries Undertaken to Collect Material for a General History of Music
=260  \\$aLondon$bEulenburg$c1974
=300  \\$axxix-245 pages, leaf of plate, [14] pages of plates$billustrations, facsimiles, maps, music, portraits$c24 cm
=504  \\$aIncludes bibliographical references and index.
=590  \\$atranscribed from the original manuscript in the British Museum, Additional Manuscript 35122, and edited with an introduction by H. Edmund Poole
=648  \0$a18th Century (1701-1800)$1http://www.wikidata.org/entity/Q7015$920899
=650  \0$aMusician$1http://www.wikidata.org/entity/Q639669$93574
=650  \0$aTravel$1http://www.wikidata.org/entity/Q61509$94440
=650  \0$aDiary$1http://www.wikidata.org/entity/Q185598$921711
=650  \0$aBiography$1http://www.wikidata.org/entity/Q36279$91927
=651  \0$aEurope$1http://www.wikidata.org/entity/Q46$991
=700  \\$aPoole, Herbert Edmund$4edt$4win$910022
=942  \\$cBOO
=952  \\$00$10$2ddc$40$6TOP_FR_5_000000000000000$70$8TOP$96398$aORPH$bORPH$cKTS0$d2020-07-08$eKoopman$i32C33$l0$oTOP FR 5$p20122887$r2021-01-12 00:00:00$w2021-01-12$yBOO$OKoopman
=999  \\$d6399

