=LDR  01310pam a2200277 a 4500
=001  6400
=005  20250120120010.0
=008  891205m19919999enka\\\\\b\\\\001\0\eng\\
=020  \\$a0198126875 (v. 1) :$c$78.50
=040  \\$aOI
=100  \\$aBurney, Charles$d1726-1814$1http://www.wikidata.org/entity/Q547002$910020
=240  10$9406$aCorrespondence
=245  14$aThe letters of Dr. Charles Burney /$cedited by Alvaro Ribeiro.
=260  \\$aOxford :$bClarendon Press ;$aNew York :$bOxford University Press,$c1991-
=300  \\$av. <1   > :$bill. ;$c25 cm.
=504  \\$aIncludes bibliographical references and index.
=505  1\$av. 1. 1751-1784.
=600  \0$aBurney, Charles$d1726-1814$1http://www.wikidata.org/entity/Q547002$910020
=650  \0$aMusicologist$1http://www.wikidata.org/entity/Q14915627$92342
=700  \\$aRibeiro, Alvaro$d1947-$910024
=856  \\$uhttp://www.loc.gov/catdir/enhancements/fy0640/89071098-d.html$3Publisher description
=942  \\$cBOO
=952  \\$00$10$2ddc$40$6BIO_BURN_A$70$8BIO$96399$aORPH$bORPH$cKTS1_P$d2020-07-08$eKoopman$i45A16$l0$oBIO BURN  a$p20127433$r2021-01-12 00:00:00$w2021-01-12$yBOO$OKoopman
=999  \\$c6400$d6400
=651  \0$aUnited Kingdom$1http://www.wikidata.org/entity/Q21$9273
=650  \0$aCorrespondence$1http://www.wikidata.org/entity/Q1784733$921392

