=LDR  00867aam a2200193   4500
=001  6401
=008  230918b\\\\\\\\||||||||\||||\00|\0\ger\d
=041  \\$ager
=100  \\$aBurney, Charles$d1726-1814$1http://www.wikidata.org/entity/Q547002$4aut$910020
=245  \\$aDr. Charles Burney's musikalische Reise durch das alte Österreich (1772)
=260  \\$c1948$aVienna$bHollinek
=300  \\$axiv-122 pages
=490  \\$aOrpheus-Bücher$v3
=650  \0$1http://www.wikidata.org/entity/Q61509$aTravel$94440
=650  \0$1http://www.wikidata.org/entity/Q846047$aMusic history$921373
=700  \\$1http://www.wikidata.org/entity/Q214365$4edt$aPaumgartner, Bernhard$d1887-1971$925254
=942  \\$cBOO
=952  \\$00$10$2ddc$40$6BIO_BURN_E$70$8BIO$96400$aORPH$bORPH$cKTS1_P$d2020-07-08$eKoopman$i45D07$l0$oBIO BURN e$p20127323$r2021-01-12 00:00:00$w2021-01-12$yBOO$OKoopman
=999  \\$d6401

