=LDR  01349aam a2200253   4500
=001  6403
=008  220708r19071987||||||||\||||\00|\0aeng\d
=041  \\$aeng
=100  \\$aBurney, Fanny$d1752-1840$4aut$1http://www.wikidata.org/entity/Q259530$910025
=245  \\$aThe early diary of Francis Burney, 1768-1778:$bWith a selection from her correspondence, and from the journals of her sisters Susan and Charlotte Burney
=260  \\$aLondon$bBell$c1907
=534  \\$cLondon: Bell, 1787
=610  \0$aBurney family$1http://www.wikidata.org/entity/Q16865192$922327
=648  \0$a18th Century (1701-1800)$1http://www.wikidata.org/entity/Q7015$920899
=650  \0$aDiary$1http://www.wikidata.org/entity/Q185598$921711
=650  \0$aCorrespondence$1http://www.wikidata.org/entity/Q1784733$921392
=651  \0$aUnited Kingdom$1http://www.wikidata.org/entity/Q21$9273
=700  \\$4ctb$aBurney, Susan$924512
=700  \\$4ctb$aBurney, Charlotte$924513
=700  \\$4edt$aEllis, A. R.$924514
=942  \\$cBOO
=952  \\$00$10$2ddc$3vol. 1$40$6BIO_BURN2_A$70$8BIO$96402$aORPH$bORPH$cKTS1_P$d2020-07-08$eKoopman$i31D36$oBIO BURN2 a$p20121046$r2021-01-12 00:00:00$w2021-01-12$yBOO
=952  \\$00$10$2ddc$3vol. 2$40$6BIO_BURN2_A$70$8BIO$96403$aORPH$bORPH$cKTS1_P$d2020-07-08$eKoopman$i31D37$oBIO BURN2 a$p20121045$r2021-01-12 00:00:00$w2021-01-12$yBOO
=999  \\$d6403

