=LDR  01398cam a22002531i 4500
=001  6405
=005  20250120120249.0
=008  861013s1785\\\\gw\ae\\\\\\\\\000\0bger\\
=040  \\$aOI$beng$erda
=041  1\$ager$heng
=100  \\$aBurney, Charles$d1726-1814$4aut$1http://www.wikidata.org/entity/Q547002$910020
=245  10$aDr. Karl Burney's Nachricht von Georg Friedrich Händel's Lebensumständen und der ihm zu London im Mai und Juni 1784 angestellten Gedächtnissfeyer
=264  \1$aLeipzig$bVEB Deutscher Verlag für Musik$c19xx
=300  \\$a14 p. l., [iii]-lii, 102 pages, 1 leaf  :$bfront., 1 ill., folded plan ;$c25 x 21 cm.
=500  \\$aFacsimile of German translation of KTS1 C3.05 03K12
=534  \\$cBerlin & Stettin: Nicolai, 1785
=590  \\$aaus dem Englischen übersetzt von Johann Joachim Eschenburg ... mit Kupfern.
=600  \0$aHandel, George Frideric$d1685-1759$1http://www.wikidata.org/entity/Q7302$94765
=700  \\$aEschenburg, Johann Joachim$d1743-1820$4trl$eTranslator$1http://www.wikidata.org/entity/Q86723$920952
=856  41$dmuspre1800$f101792$uhttp://hdl.loc.gov/loc.music/muspre1800.101792
=942  \\$cBOO
=952  \\$00$10$2ddc$40$6BIO_HAND_B$70$8BIO$96404$aORPH$bORPH$cKTS1_P$d2020-07-08$eKoopman$i32E23$l0$oBIO HAND b$p20122844$r2021-01-12 00:00:00$w2021-01-12$yBOO
=999  \\$c6405$d6405
=650  \0$aMusic history$1http://www.wikidata.org/entity/Q846047$921373

