=LDR  01220cam a2200265 a 4500
=001  6406
=005  20250121142121.0
=008  930611s1994\\\\nyua\\\\\bc\\\001\0\eng\\
=020  \\$a0193152509 (acid-free paper) :$c£65.00
=040  \\$aOI
=041  \\$aeng
=245  12$aA Catalogue of Handel's Musical Autographs
=260  \\$aOxford$bClarendon$aNew York$bOxford University Press$c1994
=300  \\$axxxviii-332-[199] pages$billustrations$c23 x 29 cm
=504  \\$aIncludes bibliographical references (p. [317]-318) and indexes.
=600  \0$aHandel, George Frideric$d1685-1759$1http://www.wikidata.org/entity/Q7302$94765
=648  \0$a17th Century (1601-1700)$1http://www.wikidata.org/entity/Q7016$920923
=648  \0$a18th Century (1701-1800)$1http://www.wikidata.org/entity/Q7015$920899
=650  \0$aComposer$1http://www.wikidata.org/entity/Q36834$93625
=650  \0$aManuscript$1http://www.wikidata.org/entity/Q87167$92275
=700  \\$aBurrows, Donald$d-1945$4edt$910027
=700  \\$aRonish, Martha J.$4edt$910029
=942  \\$cBOO
=952  \\$00$10$2ddc$40$6BIO_HAND_C$70$8BIO$96405$aORPH$bORPH$cKTS1_P$d2020-07-08$eKoopman$i22E28$oBIO HAND c$p20128877$r2021-01-12 00:00:00$w2021-01-12$yBOO$OKoopman
=999  \\$d6406

