=LDR  01464cam a2200301 a 4500
=001  6407
=005  20250121142121.0
=008  000528s2000\\\\gw\a\\\\\b\\\\101\0\ger\d
=020  \\$a3761815018
=040  \\$aOI
=041  \\$ager
=245  00$aHändel-Rezeption der frühen Goethe-Zeit:$bKolloquium Goethe-Museum Düsseldorf 1997
=260  \\$aKassel$aNew York$bBärenreiter$c2000
=300  \\$axiv-263 pages$billustrations$c24 cm
=490  \\$aMarburger Beiträge zur Musikwissenschaft$v9
=500  \\$aContributors: Busch, G.; Zelle, C,; Lütteken, L.; Heeg, G.; Splitt, G.; Hölter, A.; Grimm, H.; Schwab, U.; Gerhard, A.; Kalisch, V.
=504  \\$aIncludes bibliographical references (p. 255-258) and index.
=590  \\$aherausgegeben von Laurenz Lütteken ; unter Mitarbeit von Gudrun Busch
=600  \0$aHandel, George Frideric$d1685-1759$1http://www.wikidata.org/entity/Q7302$94765
=648  \0$a18th Century (1701-1800)$1http://www.wikidata.org/entity/Q7015$920899
=650  \0$aComposer$1http://www.wikidata.org/entity/Q36834$93625
=650  \0$aLegacy$1http://www.wikidata.org/entity/Q623282$922131
=651  \0$aGermany$1http://www.wikidata.org/entity/Q183$9155
=700  \\$aLütteken, Laurenz$4edt$910032
=700  \\$aBusch, Gudrun$4edt$910033
=942  \\$cBOO
=952  \\$00$10$2ddc$40$6BIO_HAND_E$70$8BIO$96406$aORPH$bORPH$cKTS1_P$d2020-07-08$eKoopman$i24E39$l0$oBIO HAND e$p20125921$r2021-01-12 00:00:00$w2021-01-12$yBOO$OKoopman
=999  \\$d6407

