=LDR  01114    a2200229   4500
=001  6408
=005  20250926135309.0
=008  211015s1957\\\\||||||||\||||\00|\0dger\d
=041  \\$ager
=100  \\$aBusch, G.$4aut$910034
=245  \\$aC. Ph. E. Bach und seine Lieder
=260  \\$aRegensburg$bBosse$c1957
=300  \\$a2 vols.
=490  \\$aKölner Beiträge zur Musikforschung$vXII
=600  \0$aBach, Carl Philipp Emanuel$d1714-1788$1http://www.wikidata.org/entity/Q76428$99218
=648  \0$a18th Century (1701-1800)$1http://www.wikidata.org/entity/Q7015$920899
=650  \0$aSong$1http://www.wikidata.org/entity/Q7366$94164
=650  \0$aMusical analysis$1http://www.wikidata.org/entity/Q1544924$92775
=942  \\$cBOO
=952  \\$00$10$40$6BIO_BACH2_E$70$8BIO$96407$aORPH$bORPH$cKTS1_P$d2020-07-08$eKoopman$i32G27$oBIO BACH2 e$p20122798$r2021-01-12 00:00:00$w2021-01-12$yBOO$OKoopman
=952  \\$00$10$2ddc$3Anhang: Chronologisches Verzeichnis sämtlicher Lieder$40$6BIO_BACH2_E$70$8BIO$96408$aORPH$bORPH$cKTS1_P$d2020-07-08$eKoopman$i32G27$oBIO BACH2 e$p20122797$r2021-01-12 00:00:00$w2021-01-12$yBOO
=999  \\$d6408

