=LDR  00392    a2200121   4500
=001  6411
=020  \\$a3873970228
=100  \\$aBusch, H. J.$910035
=245  \\$aGeorg Poss, Leben und Werk
=260  \\$c1972
=942  \\$cBOO
=952  \\$00$10$2ddc$40$6BIO_POSS_D$70$8BIO$96410$aORPH$bORPH$cKTS1_P$d2020-07-08$eKoopman$i21F16$l0$oBIO POSS d$p20125491$r2021-01-12 00:00:00$w2021-01-12$yBOO$OKoopman
=999  \\$c6411$d6411

