=LDR  01442cam a22003014a 4500
=001  6412
=005  20251103124735.0
=008  110520s2007\\\\gw\ag\\\\bd\\\000\0\ger\\
=020  \\$a9783890075082
=041  \\$ager
=245  00$aLexikon der Orgel.$bOrgelbau, Orgelspiel, Komponisten und ihre Werke, Interpreten
=250  \\$a3. erw. und korrigierte Aufl.
=260  \\$aLaaber$bLaaber-Verlag$c2011
=300  \\$a922 pages$bill. (some col.), music$c26 cm
=504  \\$aIncludes bibliographical references (p. [915]-916).
=590  \\$aherausgegeben von Hermann J. Busch und Matthias Geuting ; mit einem Geleitwort von Ton Koopman.
=650  \0$aOrgan music$1http://www.wikidata.org/entity/Q2003283$91951
=650  \0$aOrgan$1http://www.wikidata.org/entity/Q1444$92810
=650  \0$aMusical interpretation$1http://www.wikidata.org/entity/Q1668139$94533
=650  \0$aOrganist$1http://www.wikidata.org/entity/Q765778$94471
=650  \0$aEncyclopedia$1http://www.wikidata.org/entity/Q5292$92184
=650  \0$aMusic history$1http://www.wikidata.org/entity/Q846047$921373
=700  \\$aBusch, Hermann J.$4edt$910036
=700  \\$aGeuting, Matthias$4edt$917868
=700  \\$aKoopman, Ton$d1944-$4win$1http://www.wikidata.org/entity/Q445121$910491
=942  \\$cBOO
=952  \\$00$10$2ddc$40$6INS_3_000000000000000_1A$70$8INS$96411$aORPH$bORPH$cKTS0$d2020-07-08$eKoopman$i29D01$oINS3.1a$p20121362$r2021-01-12 00:00:00$w2021-01-12$yBOO
=999  \\$d6412

