=LDR  00940aam a2200205   4500
=001  6413
=008  250331s1970\\\\||||||||\||||\00|\0bger\d
=041  \\$ager
=100  \\$aBusch, H. R .$910038$4aut
=245  \\$aLeonhard Eulers Beitrag zur Musiktheorie
=260  \\$aRegensburg$bBosse$c1970
=490  \\$aKölner Beiträge zur Musikforschung$v58
=600  \0$aEuler, Leonhard$d1707-1783$1http://www.wikidata.org/entity/Q7604$98032
=648  \0$a18th Century (1701-1800)$1http://www.wikidata.org/entity/Q7015$920899
=650  \0$aMusic theory$1http://www.wikidata.org/entity/Q193544$92662
=651  \0$aGermany$1http://www.wikidata.org/entity/Q183$9155
=700  \\$aFellerer, Karl Gustav$d1902-1984$1http://www.wikidata.org/entity/Q102481$4edt$910833
=942  \\$cBOO
=952  \\$00$10$2ddc$40$6BIO_EULE_E$70$8BIO$96412$aORPH$bORPH$cKTS1_P$d2020-07-08$eKoopman$i32D30$oBIO EULE e$p20123115$r2021-01-12 00:00:00$w2021-01-12$yBOO$OKoopman
=999  \\$d6413

