=LDR  01358cam a2200265 a 4500
=001  6416
=005  20250926134854.0
=008  890907s1990\\\\ncuagh\\\b\\\\001\0\eng\\
=020  \\$a0822310090 (alk. paper)
=040  \\$aOI
=100  \\$aButler, Gregory$910041
=245  10$aBach's Clavier-übung III :$bthe making of a print : with a companion study of the Canonic variations on 'Vom Himmel Hoch' BWV 769 /$cGregory Butler.
=260  \\$aDurham :$bDuke University Press,$c1990.
=300  \\$axiv, 139 p. :$bill., music, facsims. ;$c25 cm.
=504  \\$aIncludes bibliographical references (p. [133]-135) and index.
=600  \0$aBach, Johann Sebastian$d1685-1750$1http://www.wikidata.org/entity/Q1339$94766
=600  \0$aBach, Johann Sebastian$d1685-1750$1http://www.wikidata.org/entity/Q1339$94766
=600  \0$aBach, Johann Sebastian$d1685-1750$1http://www.wikidata.org/entity/Q1339$94766
=600  \0$aBach, Johann Sebastian$d1685-1750$1http://www.wikidata.org/entity/Q1339$94766
=650  \0$aKeyboard music$1http://www.wikidata.org/entity/Q105715630$921412
=740  0\$aBach's Clavier-übung 3.
=942  \\$cBOO
=952  \\$00$10$40$6BIO_BACH1_E$70$8BIO$96415$aORPH$bORPH$cKTS1_P$d2020-07-08$eKoopman$i32A11$oBIO BACH1 e$p20120993$r2021-01-12 00:00:00$w2021-01-12$yBOO$OKoopman
=999  \\$c6416$d6416
=490  \\$aSources of music and their interpretation

