=LDR  00379    a2200121   4500
=001  6421
=020  \\$a3733300335
=100  \\$aBüttner, H.$910048
=245  \\$aCapriccio Curioso
=260  \\$c1988
=942  \\$cBOO
=952  \\$00$10$2ddc$40$6VIS_BUTT$70$8VIS$96420$aORPH$bORPH$cKTS1_H$d2020-07-08$eKoopman$i19F27$l0$oVIS BUTT$p20125245$r2021-01-12 00:00:00$w2021-01-12$yBOO$OKoopman
=999  \\$c6421$d6421

