=LDR  01216cam a2200253 p 4500
=001  6422
=005  20250120120235.0
=008  800403s1979\\\\ne\a\\\\\b\\\\001\0bdut\\
=020  \\$a9061942926 :$cfl 60.00
=040  \\$aOI
=041  0\$adut$beng
=100  \\$aBuuren, A. M. J. van$4aut$910049
=245  10$aDer minnen loep van Dirc Potter:$bstudie over een Middelnederlandse ars amandi
=260  \\$aUtrecht$bHES$c1979
=300  \\$a461 pages, [4] pages of photos$billustrations$c22 cm
=500  \\$a'Der minnen loep' is a bookful of amorous stories in rhyme from the mid fifteenth century written by a secretary and diplomat at the courts of Bavaria and of Philip of Burgundy.
=504  \\$aBibliography: p. [395]-428.
=561  \\$aContains a handwritten dedication from A. M. J. van Buuren to K. R. de Graaf
=648  \0$aMiddle Ages (500-1400)$1http://www.wikidata.org/entity/Q12554$920964
=650  \0$aLiterature$1http://www.wikidata.org/entity/Q8242$94439
=651  \0$aNetherlands$1http://www.wikidata.org/entity/Q55$9173
=942  \\$cBOO
=952  \\$00$10$2ddc$40$6BIO_POTT_E$70$8BIO$96421$aORPH$bORPH$cKTS1_P$d2020-07-08$eKoopman$i41D33$oBIO POTT e$p20120138$r2021-01-12 00:00:00$w2021-01-12$yBOO
=999  \\$d6422

