=LDR  01251cam a22003134a 4500
=001  6423
=005  20250120115954.0
=008  051122s2005\\\\ne\a\\\\\bc\\\001\0\dut\\
=020  \\$a9040091757
=020  \\$a9040091803 (pbk.)
=040  \\$aOI
=041  \\$adut
=100  \\$aBuvelot, Quentin$4edt$910051
=245  10$aFrans van Mieris, 1635-1681
=260  \\$aZwolle$bWaanders$c2005
=300  \\$a255 pages$billustrations$c27 cm
=504  \\$aIncludes bibliographical references (p. 242-251) and index.
=600  \0$aMieris, Frans van$d1635-1681$bthe Elder$1http://www.wikidata.org/entity/Q959236$910052
=648  \0$a17th Century (1601-1700)$1http://www.wikidata.org/entity/Q7016$920923
=650  \0$aFine art$1http://www.wikidata.org/entity/Q219625$921579
=651  \0$aNetherlands$1http://www.wikidata.org/entity/Q55$9173
=700  \\$aNaumann, Otto$910053$4ctb
=700  \\$aJongh, E. de$911894$4ctb
=700  \\$aPloeg, Peter van der$d1965-$910055$4ctb
=700  \\$aMark, Bieke van der$910056$4ctb
=700  \\$aPottasch, Carol$910057$4ctb
=942  \\$cBOO
=952  \\$00$10$2ddc$40$6BIO_MIER_D$70$8BIO$96422$aORPH$bORPH$cKTS1_P$d2020-07-08$eKoopman$i30C03$oBIO MIER d$p20121243$r2021-01-12 00:00:00$w2021-01-12$yBOO$OKoopman
=999  \\$d6423

