=LDR  02557cam a2200301 a 4500
=001  6424
=005  20250120115954.0
=008  020624s2002\\\\ne\a\\\\\bc\\\000\0\eng\d
=020  \\$a9040096740 (hdbk.)
=020  \\$a9040086850 (pbk.)
=040  \\$aOI
=041  1\$aeng$hdut
=100  \\$aLugt, Frits$d1884-1970$1http://www.wikidata.org/entity/Q1465270$4col$910058
=245  12$aA Choice Collection:$bSeventeenth-Century Dutch Paintings from the Frits Lugt Collection
=260  \\$aThe Hague$bRoyal Cabinet of Paintings, Mauritshuis$aZwolle$bWaanders$c2002
=300  \\$a244 pages$billustrations (some color)$c29 cm
=504  \\$aIncludes bibliographical references (p. 226-243).
=505  8\$gForeword / Frederik J. Duparc -- Frits Lugt, a collector with a mission / Ella Reitsma -- Catalogue / Quentin Buvelot and Hans Buijs -- 1 Jan Asselijn 40 13 Jacob van Geel 92 -- 2 Hendrick Avercamp 44 14 Jan Davidsz de Heem 96 -- 3 Ludolf Backhuysen 48 15 Karel du Jardin 102 -- 4 Nicolaes Berchem 52 16 Willem Kalf o16 -- 5 Gerrit Berckheyde 58 17 Thomas de Keyser no -- 6 Jan Both 62 18 Jan Lievens 116 -- 7 Esaias Boursse 66 19 Dirck van der Lisse Izo -- 8 Jan de Bray 72 20 Dirck van der Lisse 120 -- 9 Jan van de Capelle 76 21 Aert van der Neer 124 -- 10 Pieter Codde (circle of) 80 22 Caspar Netscher I28 -- 11 Aelbert Cuyp 84 23 Isaak van Nickele 13z -- 12 Jacob Esselens 88 24 Pieter Post 136 -- Notes to the introductory essay 192 -- Notes to the catalogue entries 193 -- Key to abbreviated literature 226 -- Further reading on Frits Lugt 243 -- 25 Paulus Potter 142 -- 26 Jan van Ravesteyn 146 -- 27 Jacob van Ruisdael 150 -- 28 Pieter Saenredam 154 -- 29 Cornelis Saftleven 158 -- 30 Karel Slabbaert 162 -- 31 Karel Slabbaert 62 -- 32 Adriaen van de Velde 68 -- 33 Willem van de Velde the Younger 172 -- 34 Willem van de Velde the Younger 178 -- 35 Jacobus Vrel 182 -- 36 Emanuel de Witte 186.
=648  \0$a17th Century (1601-1700)$1http://www.wikidata.org/entity/Q7016$920923
=650  \0$aFine art$1http://www.wikidata.org/entity/Q219625$921579
=651  \0$aNetherlands$1http://www.wikidata.org/entity/Q55$9173
=700  \\$aBuvelot, Quentin$4aut$910051
=700  \\$aBuijs, Hans$4aut$910059
=700  \\$aReitsma, Ella$eAuthor of introductory essay$910060
=710  \\$aMauritshuis (The Hague, Netherlands)$4col$1http://www.wikidata.org/entity/Q221092$91261
=942  \\$cBOO
=952  \\$00$10$2ddc$40$6VIS_BUVE$70$8VIS$96423$aORPH$bORPH$cKTS1_H$d2020-07-08$eKoopman$i33B10$oVIS BUVE$p20122771$r2021-01-12 00:00:00$w2021-01-12$yBOO
=999  \\$d6424

