=LDR  02539nam a22002655i 4500
=001  6425
=008  201103s2005\\\\\\\ao\\\\b\\\\001\0\fre\|
=041  \\$afre
=245  10$aLes anges musiciens de la cathédrale du Mans
=260  \\$aLe Mans$bÉditions de la Reinette$c2005
=300  \\$a160 pages $eCD (only sleeve, CD is missing)
=520  \\$aLa cathédrale du Mans, pur joyau architectural des arts romans et gothiques, contient un trésor exceptionnel de la peinture sacrée du XIVe siècle. Dans la chapelle du chevet, dédiée à la Vierge Marie, quarante-sept anges musiciens tenant des partitions, jouant des instruments des plus variés composent un spectaculaire et fascinant concert céleste. La splendeur divine de ces anges est un réel témoignage de ce que fut la vie musicale à la fin du Moyen Age. Et pourtant, il s'en fallut de peu que la cathédrale ne reste muette sur ce patrimoine qu'elle abrite. Il faudra en effet attendre plus de six siècles pour que les anges musiciens livrent enfin leurs secrets. Six siècles pendant lesquels ils se contentèrent d'être les gardiens silencieux d'un passé dont on redécouvre aujourd'hui la richesse. D'une créativité stupéfiante, d'une facture rarissime, l'ineffable douceur des anges transporte le lecteur dans une dimension nouvelle, vers le paradis. Cet ouvrage, abondamment illustré de très nombreuses photographies en couleurs, de dessins et de plans, est accompagné d'un CD, " Musica Angelorum ", enregistré par le Chœur Grégorien du Mans. Grâce à ce document unique et sans précédent, chacun pourra ainsi entendre le chant des anges sortir d'une longue nuit et se révéler à tous.
=610  \0$aLe Mans Cathedral$1http://www.wikidata.org/entity/Q1563071$940394
=648  \0$aMiddle Ages (500-1400)$1http://www.wikidata.org/entity/Q12554$920964
=650  \0$aChurch$1http://www.wikidata.org/entity/Q16970$93776
=650  \0$aApplied arts$1http://www.wikidata.org/entity/Q2865882$921627
=650  \0$aFine art$1http://www.wikidata.org/entity/Q219625$921579
=650  \0$aMusical Instrument$1http://www.wikidata.org/entity/Q8614972$940212
=651  \0$aLe Mans (France)$1http://www.wikidata.org/entity/Q1476$923450
=700  \\$4aut$aBuvron, Jean-Marie$923447
=700  \\$4aut$aChanteloup, Luc$923448
=700  \\$4aut$aLenoble, Philippe$923449
=942  \\$cBOO
=952  \\$00$10$2ddc$40$6TOP_FR_LEM_3_000000000000000$70$8TOP$96424$aORPH$bORPH$cKTS0$d2020-07-08$eKoopman$i43E25$oTOP FR.LEM 3$p20127132$r2021-01-12 00:00:00$w2021-01-12$yBOO
=999  \\$d6425

