=LDR  01054acm a2200241   4500
=001  6442
=008  240422s1957\\\\||||||||\||||\00|\0\ger\d
=041  \\$ager$dlat
=059  \\$a1S SATB 2vn bc
=059  \\$aSSATB 2vn 2vla bc
=059  \\$aATTB 2vn bc
=059  \\$aSSAB 2vn 2vla bc
=100  \\$aBuxtehude, Dietrich$d1637-1707$4cmp$1http://www.wikidata.org/entity/Q153637$910062
=245  \\$aFire Latinske Kantater
=246  \1$aAccedite gentes, Domine Salvum fac Regem, Ecce nunc benedicite Domino, Pange lingua gloriosi, BuxWV 1, 18, 23 and 91
=260  \\$aCopenhagen$bSamfundet$c1957
=648  \0$a17th Century (1601-1700)$1http://www.wikidata.org/entity/Q7016$920923
=650  \0$aCantata$1http://www.wikidata.org/entity/Q174873$921603
=650  \0$aLatin$1http://www.wikidata.org/entity/Q397$93992
=700  \\$aSørensen, Søren$d1920-2001$4edt$914975
=942  \\$cSCO
=952  \\$00$10$2ddc$40$6SCO_BUXT$70$8SCO$96441$aORPH$bORPH$cKTS1_P$d2020-07-08$eKoopman$iWG.1810$l0$oSCO BUXT$p20124310$r2021-01-12 00:00:00$w2021-01-12$ySCO$OW.1810
=999  \\$d6442

