=LDR  00858acm a2200181   4500
=001  6443
=008  240422s1939\\\\||||||||\||||\00|\0\ger\d
=041  \\$ager
=100  \\$aBuxtehude, Dietrich$d1637-1707$4cmp$1http://www.wikidata.org/entity/Q153637$910062
=245  \\$aWerke für Orgel$pErgänzungsband
=260  \\$aLeipzig$bBreitkopf & Härtel$c1939
=648  \0$a17th Century (1601-1700)$1http://www.wikidata.org/entity/Q7016$920923
=650  \0$aOrgan music$1http://www.wikidata.org/entity/Q2003283$91951
=651  \0$aLübeck (Germany)$1http://www.wikidata.org/entity/Q2843$9125
=700  \\$aSeiffert, Max$d1868-1948$1http://www.wikidata.org/entity/Q74307$4edt$96471
=942  \\$cSCO
=952  \\$00$10$2ddc$40$6SCO_BUXT$70$8SCO$96442$aORPH$bORPH$cKTS1_P$d2020-07-08$eKoopman$iWG.1928$l0$oSCO BUXT$p20124296$r2021-01-12 00:00:00$w2021-01-12$ySCO$OW.1928
=999  \\$d6443

