=LDR  01421aam a2200265   4500
=001  6448
=008  250210r19421667|||a||||\b|||\001\mddut\d
=041  \\$adut
=100  \\$aBuysero, Dirck$d1644-1707/08$1http://www.wikidata.org/entity/Q2626145$95506$4aut
=245  \\$aKorte beschrijvinge van Parijs; En de Manieren en Zeden van die haer daer onthouden (1667)
=260  \\$aAntwerp$bNederlandsche Boekhandel$c1942
=300  \\$axv-153-[3] pages
=590  \\$aOpnieuw uitgegeven met inleiding, bronnenstudie en aanteekeningen
=600  10$aColletet, François$d1628-1680$1http://www.wikidata.org/entity/Q3084301$940397
=600  10$aBerthod, François$dactive 1656-1665$1http://www.wikidata.org/entity/Q20900512$940398
=648  \0$a17th Century (1601-1700)$1http://www.wikidata.org/entity/Q7016$920923
=650  \0$aTravel$1http://www.wikidata.org/entity/Q61509$94440
=650  \0$aPoetry$1http://www.wikidata.org/entity/Q482$93026
=650  \0$aCultural history$1http://www.wikidata.org/entity/Q858517$922395
=650  \0$aPhilology$1http://www.wikidata.org/entity/Q40634$925506
=651  \0$aParis (France)$1http://www.wikidata.org/entity/Q90$9160
=700  \\$aWillemyns, R. J.$4edt$4win$4wam$939657
=942  \\$cBOO
=952  \\$00$10$2ddc$40$6TOP_FR_PAR_5_000000000000000$70$8TOP$96447$aORPH$bORPH$cKTS0$d2020-07-08$eKoopman$i20B48$l0$oTOP FR.PAR 5$p20127956$r2021-01-12 00:00:00$w2021-01-12$yBOO$OKoopman
=999  \\$d6448

