=LDR  01389cam a2200277 a 4500
=001  6460
=005  20250321134657.0
=008  901025s1989\\\\be\g\\\\\b\\\\000\0\dut\\
=020  \\$a9065694250
=040  \\$aOI
=041  \\$adut
=100  \\$aCaeyers, Jan$d1953-$4aut$1http://www.wikidata.org/entity/Q2180484$910074
=245  15$aHet "Traité de l'harmonie" (1722) van Jean-Philippe Rameau en de ontwikkeling van het muziektheoretische denken in Frankrijk
=260  \\$aBrussels$bAWLSK$c1989
=300  \\$a298 pages
=490  \\$aVerhandelingen van de Koninklijke Academie voor Wetenschappen, Letteren en Schone Kunsten van België, Klasse der Schone Kunsten$vvol. 51, no. 47
=504  \\$aIncludes bibliographical references (p. 281-294).
=600  \0$aRameau, Jean-Philippe$d1683-1764$1http://www.wikidata.org/entity/Q1145$94787
=648  \0$a18th Century (1701-1800)$1http://www.wikidata.org/entity/Q7015$920899
=650  \0$aMusic theory$1http://www.wikidata.org/entity/Q193544$92662
=650  \0$aHarmony$1http://www.wikidata.org/entity/Q184421$92358
=650  \0$aBasse fondamentale$1http://www.wikidata.org/entity/Q446114$922132
=651  \0$aFrance$1http://www.wikidata.org/entity/Q142$9131
=942  \\$cBOO
=952  \\$00$10$2ddc$40$6BIO_RAME_E$70$8BIO$96459$aORPH$bORPH$cKTS1_P$d2020-07-08$eKoopman$i24E34$oBIO RAME e$p20125925$r2021-01-12 00:00:00$w2021-01-12$yBOO
=999  \\$d6460

