=LDR  01247cam a22002654a 4500
=001  6461
=005  20250121142121.0
=008  091218s2009\\\\ne\a\\\\\b\\\\001\0bdut\\
=020  \\$a9789023429067
=040  \\$aOI
=100  \\$aCaeyers, Jan$d1953-$4aut$1http://www.wikidata.org/entity/Q2180484$910074
=245  10$aBeethoven:$been biografie
=260  \\$aAmsterdam$bDe Bezige Bij$c2009
=300  \\$a672 pages, [24] pages of plates$billustrations$c24 cm
=504  \\$aIncludes bibliographical references and indexes.
=600  \0$aBeethoven, Ludwig van$d1770-1827$1http://www.wikidata.org/entity/Q255$95335
=648  \0$a18th Century (1701-1800)$1http://www.wikidata.org/entity/Q7015$920899
=648  \0$a19th Century (1801-1900)$1http://www.wikidata.org/entity/Q6955$920935
=650  \0$aComposer$1http://www.wikidata.org/entity/Q36834$93625
=650  \0$aBiography$1http://www.wikidata.org/entity/Q36279$91927
=651  \0$aBonn (Germany)$1http://www.wikidata.org/entity/Q586$9112
=651  \0$aVienna (Austria)$1http://www.wikidata.org/entity/Q1741$920937
=942  \\$cBOO
=952  \\$00$10$2ddc$40$6BIO_BEET_D$70$8BIO$96460$aORPH$bORPH$cKTS1_P$d2020-07-08$eKoopman$i25D14$oBIO BEET d$p20129272$r2021-01-12 00:00:00$w2021-01-12$yBOO
=999  \\$d6461

