=LDR  01265    a2200241   4500
=001  6462
=008  220512r19821854||||||||\||||\00|\0\ita\d
=020  \\$a3487071746
=041  \\$aita
=100  \\$aCaffi, Francesco$d1778-1874$4aut$1http://www.wikidata.org/entity/Q3749698$910076
=245  \\$aStoria della musica sacra$bnella già Cappella Ducale di San Marco in Venezia dal 1318 al 1797
=260  \\$aHildesheim$aNew York$bHildesheim$c1982
=300  \\$a2 vols. in 1 (468-291 pages)
=610  \0$aBasilica di San Marco (Venice, Italy)$1http://www.wikidata.org/entity/Q172988$920989
=648  \0$aMiddle Ages (500-1400)$1http://www.wikidata.org/entity/Q12554$920964
=648  \0$aRenaissance (1400-1600)$1http://www.wikidata.org/entity/Q4692$920965
=648  \0$a17th Century (1601-1700)$1http://www.wikidata.org/entity/Q7016$920923
=648  \0$a18th Century (1701-1800)$1http://www.wikidata.org/entity/Q7015$920899
=650  \0$aChurch music$1http://www.wikidata.org/entity/Q8812109$92283
=651  \0$aVenice (Italy)$1http://www.wikidata.org/entity/Q641$91
=942  \\$cBOO
=952  \\$00$10$2ddc$40$6TOP_IT_VEN1_3_000000000000000$70$8TOP$96461$aORPH$bORPH$cKTS0$d2020-07-08$eKoopman$i21E33$oTOP IT.VEN1 3$p20125452$r2021-01-12 00:00:00$w2021-01-12$yBOO
=999  \\$d6462

