=LDR  01359aas a2200241   4500
=001  6465
=008  230816c1985\\\\|||f||||\||||\00|\0\spa\d
=022  \\$a0213-7305
=041  \\$aspa
=245  \\$aNassarre.$bRevista aragonesa de musicología$nI/1; VI/2; IX/2
=260  \\$aZaragoza$bInstitución "Fernando el Católico", Sección de Música Antigua $c1985; 1990; 1993
=300  \\$a3 volumes (213+239+337 pages)
=650  \0$1http://www.wikidata.org/entity/Q164204$aMusicology$93925
=650  \0$aMusic history$1http://www.wikidata.org/entity/Q846047$921373
=650  \0$1http://www.wikidata.org/entity/Q1002697$aPeriodical$921106
=651  \0$aSpain$1http://www.wikidata.org/entity/Q29$920983
=700  \\$aCalahorra Martínez, Pedro$1http://www.wikidata.org/entity/Q107481627$4edt$912629
=856  \\$uhttps://ifc.dpz.es/publicaciones/biblioteca2/id/9
=942  \\$cPER
=952  \\$00$10$2ddc$3I/1$40$6TOP_ES$70$8TOP$96464$aORPH$bORPH$cKTS0$d2020-07-08$eKoopman$i28B41$l0$oTOP ES$p20121465$r2021-01-12 00:00:00$w2021-01-12$yPER
=952  \\$00$10$2ddc$3VI/2$40$6TOP_ES$70$8TOP$911669$aORPH$bORPH$cKTS0$d2020-07-08$eKoopman$i21E48$l0$oTOP ES$p20125436$r2021-01-12 00:00:00$w2021-01-12$yPER
=952  \\$00$10$2ddc$3IX/2$40$6TOP_ES$70$8TOP$911670$aORPH$bORPH$cKTS0$d2020-07-08$eKoopman$i21E49$l0$oTOP ES$p20125435$r2021-01-12 00:00:00$w2021-01-12$yPER
=999  \\$d6465

