=LDR  01057acm a2200217   4500
=001  6466
=005  20251019212559.0
=008  251019s1959\\\\|||||a||\||||\00|\0\ger\d
=041  \\$ager$dita
=100  \\$aCaldara, Antonio$d1670-1736$4cmp$1http://www.wikidata.org/entity/Q311571$914892
=245  \\$aKirchenwerke
=260  \\$aVienna$aGraz$bAkademische Druck- u. Verlagsanstalt$c1959
=490  \\$aDenkmäler der Tonkunst Österreichs$v26
=648  \0$a17th Century (1601-1700)$1http://www.wikidata.org/entity/Q7016$920923
=648  \0$a18th Century (1701-1800)$1http://www.wikidata.org/entity/Q7015$920899
=650  \0$aChurch music$1http://www.wikidata.org/entity/Q8812109$1http://www.wikidata.org/entity/Q1065742$92283
=650  \0$aCatholicism$1http://www.wikidata.org/entity/Q1841$921631
=700  \\$aAdler, Guido$d1855-1941$1http://www.wikidata.org/entity/Q78716$4edt$917498
=942  \\$cSCO
=952  \\$00$10$2ddc$40$70$8SCO$96465$aORPH$bORPH$cKTS1_P$d2020-07-08$eKoopman$iWG.1030-26$l0$p20121799$r2021-01-12 00:00:00$w2021-01-12$ySCO$OW.1030-26
=999  \\$d6466

