=LDR  00761acm a2200193   4500
=001  6469
=005  20251019215205.0
=008  251019s1987\\\\||||||||\||||\00|\0\eng\d
=041  \\$aeng$dlat
=059  \\$aSSAATTBB tpt 4tbn 2crtt bsn 2vn bc org timp
=100  \\$aCaldara, Antonio$d1670-1736$4cmp$1http://www.wikidata.org/entity/Q311571$914892
=245  \\$aTe Deum a 8 voci
=260  \\$c1987
=500  \\$aPhotocopy
=650  \0$aTe Deum$1http://www.wikidata.org/entity/Q743376$923511
=700  \\$aPritchard, Brian W.$1http://www.wikidata.org/entity/Q124818123$4edt$914893
=942  \\$cSCO
=952  \\$00$10$2ddc$40$6SCO_CALD$70$8SCO$96468$aORPH$bORPH$cKTS1_P$d2020-07-08$eKoopman$iWG.1220$l0$oSCO CALD$p20124073$r2021-01-12 00:00:00$w2021-01-12$ySCO$OW.1220
=999  \\$d6469

