=LDR  01041acm a2200229   4500
=001  6470
=005  20251019214608.0
=008  251019b\\\\\\\\||||||||\||||\00|\0\eng\d
=041  \\$aeng
=059  \\$atpt 2vn vla bc timp
=100  \\$aCaldara, Antonio$d1670-1736$4cmp$1http://www.wikidata.org/entity/Q311571$914892
=245  \\$aOverture to Cajo Fabbricio
=500  \\$aPhotocopy
=610  \0$aHouse of Habsburg$1http://www.wikidata.org/entity/Q65968$922829
=648  \0$a18th Century (1701-1800)$1http://www.wikidata.org/entity/Q7015$920899
=650  \0$aOpera seria$1http://www.wikidata.org/entity/Q210675$925224
=650  \0$aOverture$1http://www.wikidata.org/entity/Q202287$921591
=651  \0$aVienna (Austria)$1http://www.wikidata.org/entity/Q1741$920937
=700  \\$aPritchard, Brian W.$1http://www.wikidata.org/entity/Q124818123$4edt$914893
=942  \\$cSCO
=952  \\$00$10$2ddc$40$6SCO_CALD$70$8SCO$96469$aORPH$bORPH$cKTS1_P$d2020-07-08$eKoopman$iWG.1225$l0$oSCO CALD$p20124072$r2021-01-12 00:00:00$w2021-01-12$ySCO$OW.1225
=999  \\$d6470

