=LDR  01448pam a2200301 a 4500
=001  6471
=008  840926r19851973-usg\\\\\b\\\\001\0\eng\\
=041  \\$aeng
=100  \\$aCaldwell, John$d-1938$4aut$910081
=245  10$aEnglish Keyboard Music Before the Nineteenth Century
=260  \\$aNew York $bDover$c1985
=300  \\$axxi-328 pages
=504  \\$aBibliography: p. [290]-303.
=561  \\$aEx Libris Ton Koopman
=648  \0$a16th Century (1501-1600)$1http://www.wikidata.org/entity/Q7017$920944
=648  \0$a17th Century (1601-1700)$1http://www.wikidata.org/entity/Q7016$920923
=648  \0$a18th Century (1701-1800)$1http://www.wikidata.org/entity/Q7015$920899
=648  \0$a19th Century (1801-1900)$1http://www.wikidata.org/entity/Q6955$920935
=650  \0$aHarpsichord$1http://www.wikidata.org/entity/Q81982$92125
=650  \0$aKeyboard instrument$1http://www.wikidata.org/entity/Q52954$92849
=650  \0$aOrgan music$1http://www.wikidata.org/entity/Q2003283$91951
=650  \0$aMusic history$1http://www.wikidata.org/entity/Q846047$921373
=651  \0$aUnited Kingdom$1http://www.wikidata.org/entity/Q21$9273
=740  0\$aEnglish keyboard music.
=856  \\$uhttp://www.loc.gov/catdir/enhancements/fy0709/84021211-d.html$3Publisher description
=942  \\$cBOO
=952  \\$00$10$2ddc$40$6INS_3A_GB$70$8INS$96470$aORPH$bORPH$cKTS0$d2020-07-08$eKoopman$i21B37$oINS3a GB$p20128403$r2021-01-12 00:00:00$w2021-01-12$yBOO
=999  \\$d6471

