=LDR  00730cam a22001931  4500
=001  6480
=005  20250120115955.0
=008  800702s1965\\\\it\\\\\\\b\\\\000\0\ita\\
=041  \\$aita$hlat
=100  \\$aTinctoris, Johannes$d1435-1511$4aut$1http://www.wikidata.org/entity/Q370512$919384
=245  13$aIl terminorum musicæ diffinitorium
=260  \\$aRome$bV. Bonacci$c1965
=300  \\$a165 pages
=650  \0$aMusic theory
=700  \\$aCammarota, Lionello$4trl$4win$910087
=942  \\$cBOO
=952  \\$00$10$2ddc$40$6TRE_TINC$70$8TRE$96479$aORPH$bORPH$cKTS1_H$d2020-07-08$eKoopman$i29E72$l0$oTRE TINC$p20121288$r2021-01-12 00:00:00$w2021-01-12$yBOO
=999  \\$c6480$d6480
=650  \0$aDictionary$1http://www.wikidata.org/entity/Q23622$921580

