=LDR  00896    a2200217   4500
=001  6481
=008  231205s2013\\\\nl\af|||\||||\00|\0\dut\d
=020  \\$a9789082038712
=041  \\$adut
=100  \\$aCampbell, James W.P.$4aut$910088
=245  \\$aDe bibliotheek:$bHoogtepunten uit de Wereldgeschiedenis
=260  \\$c2013$aLonden$bThames & Hudson
=300  \\$a519 pages
=650  \0$aBibliophilia$1http://www.wikidata.org/entity/Q214719$921630
=650  \0$aChained library$1Q691927$926767
=650  \0$aLibrary$1http://www.wikidata.org/entity/Q7075$94229
=650  \0$aCollecting$1http://www.wikidata.org/entity/Q208165$92117
=651  \0$aEurope$1http://www.wikidata.org/entity/Q46$991
=942  \\$cBOO
=952  \\$00$10$2ddc$40$6BIB_1_000000000000000_CAMP$70$8BIB$96480$aORPH$bORPH$cKTS0$d2020-07-08$eKoopman$i45F28$l0$oBIB1 CAMP$p20127496$r2021-01-12 00:00:00$w2021-01-12$yBOO$OKoopman
=999  \\$d6481

