=LDR  01486cam a2200313 i 4500
=001  6482
=005  20250925143257.0
=008  750207s1975\\\\wauaf\\\\b\\\\001\0beng\\
=040  \\$aBF
=041  \\$aeng
=100  \\$aCampbell, Margaret$d1917-2015$4aut$922211
=245  10$aDolmetsch:$bThe Man and His Work
=260  \\$aSeattle, WA:$bUniversity of Washington Press$c1975
=300  \\$axv, 318 p., [9] leaves of plates :$bill. ;$c25 cm.
=500  \\$aIncludes indexes.
=504  \\$aBibliography: p. [301]-306.
=600  \0$aDolmetsch, Arnold$d1858-1940$1http://www.wikidata.org/entity/Q194638$910557
=648  \0$a19th Century (1801-1900)$1http://www.wikidata.org/entity/Q6955$920935
=648  \0$a20th Century (1901-2000)$1http://www.wikidata.org/entity/Q6927$920936
=650  \0$aEarly music$1http://www.wikidata.org/entity/Q436016$93160
=650  \0$aHistorically informed performance$1http://www.wikidata.org/entity/Q1344860$920980
=650  \0$aInstrumentalist$1http://www.wikidata.org/entity/Q1278335$921706
=650  \0$aBiography$1http://www.wikidata.org/entity/Q36279$91927
=651  \0$1http://www.wikidata.org/entity/Q21$aUnited Kingdom$9273
=651  \0$1http://www.wikidata.org/entity/Q30$aUSA$943
=651  \0$1http://www.wikidata.org/entity/Q142$aFrance$9131
=942  \\$cBOO
=952  \\$00$10$2ddc$40$6BIO_DOLM_D$70$8BIO$96481$aORPH$bORPH$cKTS1_P$d2020-07-08$eKoopman$i32D24$l1$oBIO DOLM d$p20123121$r2024-11-04 12:53:31$s2024-10-23$w2021-01-12$yBOO
=999  \\$d6482

