=LDR  00816nam a2200217   4500
=001  6483
=005  20250120115955.0
=008  701014s1969\\\\enkg\\\\\b\\\\001\0\eng\\
=015  \\$aB70-03271
=020  \\$a0571091415
=040  \\$aOI
=100  \\$aCampion, Thomas$d1567-1620$1http://www.wikidata.org/entity/Q455618$910089
=245  14$aThe Works of Thomas Campion:$bComplete Songs, Masques, and Treatises with a Selection of the Latin Verse
=260  \\$aLondon$bFaber$c1969
=300  \\$axxx, 521 p.$bmusic.$c23 cm.
=350  \\$a70/-
=504  \\$aBibliography: p. [510]-511.
=700  \\$aDavis, Walter R.$910090$4edt$4win
=942  \\$cBOO
=952  \\$00$10$2ddc$40$6BIO_CAMP_D$70$8BIO$96482$aORPH$bORPH$cKTS1_P$d2020-07-08$eKoopman$i32C46$oBIO CAMP d$p20122873$r2021-01-12 00:00:00$w2021-01-12$yBOO$OKoopman
=999  \\$d6483

