=LDR  00919cam a2200229   4500
=001  6486
=005  20250120120318.0
=008  681010t19681947ctuac\\\\b\\\\000\0\eng\\
=020  \\$a0208003118
=040  \\$aOI
=100  1\$aCannon, Beekman C.$q(Beekman Cox)$d1911-2004$4aut
=245  00$aJohann Mattheson: Spectator in Music
=260  \\$a[New Haven?]$bArchon Books$c1968 [c1947]
=300  \\$axi, 244 p.$billus., port.$c24 cm.
=504  \\$aBibliography: p. [227]-231.
=600  \0$aMattheson, Johann$d1681-1764$1http://www.wikidata.org/entity/Q170333$95222
=600  10$aMattheson, Johann,$d1681-1764$vBibliography.
=906  \\$a7$bcbc$corignew$du$encip$f19$gy-gencatlg
=942  \\$2ddc$cBOO
=952  \\$00$10$2ddc$40$6BIO_MATT_D$70$8BIO$96485$aORPH$bORPH$cKTS1_P$d2020-07-08$eKoopman$i31F28$oBIO MATT d$p20123146$r2021-01-12 00:00:00$w2021-01-12$yBOO
=999  \\$c6486$d6486
=490  \\$aYale studies in the history of music,

