=LDR  00381    a2200121   4500
=001  6488
=020  \\$a9782213600079
=100  \\$aCantagrel, Gilles$910094
=245  \\$aBach en son Temps
=260  \\$c1997
=942  \\$cBOO
=952  \\$00$10$2ddc$40$6BIO_BACH1_D$70$8BIO$96487$aORPH$bORPH$cKTS1_P$d2020-07-08$eKoopman$i32A03$oBIO BACH1 d$p20121002$r2021-01-12 00:00:00$w2021-01-12$yBOO
=999  \\$c6488$d6488

