=LDR  01107cam a2200241 a 4500
=001  6489
=008  980813s1999\\\\\\\||||f\\\\\\000\0bfre||
=020  \\$a9782213631004
=040  \\$aOI
=041  \\$afre
=100  \\$aCantagrel, Gilles$4aut$910094
=245  14$aDieterich Buxtehude et la musique en Allemagne du Nord dans la seconde moitié du XVIIe siècle
=260  \\$aParis$bFayard$c2006
=600  \0$aBuxtehude, Dietrich$d1637-1707$1http://www.wikidata.org/entity/Q153637$910062
=648  \0$a17th Century (1601-1700)$1http://www.wikidata.org/entity/Q7016$920923
=650  \0$aComposer$1http://www.wikidata.org/entity/Q36834$93625
=650  \0$aOrganist$1http://www.wikidata.org/entity/Q765778$94471
=650  \0$aBiography$1http://www.wikidata.org/entity/Q36279$91927
=650  \0$aMusic history$1http://www.wikidata.org/entity/Q846047$921373
=651  \0$aGermany$1http://www.wikidata.org/entity/Q183$9155
=942  \\$cBOO
=952  \\$00$10$2ddc$40$6BIO_BUXT_D$70$8BIO$96488$aORPH$bORPH$cKTS1_P$d2020-07-08$eKoopman$i35B02$oBIO BUXT d$p20120788$r2021-01-12 00:00:00$w2021-01-12$yBOO$OKoopman
=999  \\$d6489

