=LDR  01301aam a2200253   4500
=001  6490
=005  20250926134854.0
=008  220502s2003\\\\||||||||\||||\00|\0dfre\d
=020  \\$a9782220053561
=041  \\$afre
=100  \\$aCantagrel, Gilles$4aut$910094
=245  \\$aLa Rencontre de Lübeck :$bBach et Buxtehude
=260  \\$aParis$bDesclée de Brouwer$c2003
=561  \\$aOne copy has a ms. dedication by the author to Gustav Leonhardt, another to Ton Koopman
=600  \0$aBuxtehude, Dietrich$d1637-1707$1http://www.wikidata.org/entity/Q153637$910062
=600  \0$aBach, Johann Sebastian$d1685-1750$1http://www.wikidata.org/entity/Q1339$94766
=648  \0$a18th Century (1701-1800)$1http://www.wikidata.org/entity/Q7015$920899
=650  \0$aComposer$1http://www.wikidata.org/entity/Q36834$93625
=650  \0$aInfluence$1http://www.wikidata.org/entity/Q1307337$922289
=651  \0$aLübeck (Germany)$1http://www.wikidata.org/entity/Q2843$9125
=942  \\$cBOO
=952  \\$00$10$2ddc$40$6BIO_BACH1_E$70$8BIO$96489$aORPH$bORPH$cKTS1_P$d2020-07-08$eKoopman$i43G13$oBIO BACH1 e$p20126796$r2021-01-12 00:00:00$w2021-01-12$yBOO
=952  \\$00$10$2ddc$40$6BIO_BACH1_E$70$8BIO$96490$aORPH$bORPH$cKTS1_P$d2020-07-08$eKoopman$i43G13$oBIO BACH1 e$p20126795$r2021-01-12 00:00:00$w2021-01-12$yBOO
=999  \\$d6490

