=LDR  00541    a2200157   4500
=001  6492
=008  220104s1956\\\\\\\a||||\||||\00|\0\dut\d
=041  \\$adut
=100  \\$aCanter Cremers-van der Does, Eline$4aut$910097
=245  \\$aHet bad
=260  \\$aBussum$bvan Dishoeck$c1956
=300  \\$a120 pages
=650  \0$aCuckoo$1http://www.wikidata.org/entity/Q18845$922474
=942  \\$cBOO
=952  \\$00$10$2ddc$40$6HUM_CANT$70$8HUM$96491$aORPH$bORPH$cKM12_1$d2020-07-08$eKoopman$i43G21$oHUM CANT$p20126785$r2021-01-12 00:00:00$w2021-01-12$yBOO
=999  \\$d6492

