=LDR  01614cam a2200313 a 4500
=001  6494
=005  20250120120020.0
=008  940616s1994\\\\gw\g\\\\\b\\\\001\0dger\d
=010  \\$a   94240222 
=020  \\$a3631469020
=035  \\$a(OCoLC)30731997 
=040  \\$aMH-Mu$cMH-Mu$dDLC
=042  \\$alccopycat
=100  \\$aCapdepón Verdú, Paulino$910099
=240  10$9417$aPadre Antonio Soler (1729-1783) y el cultivo del villancico en El Escorial.$lGerman
=245  14$aDie Villancicos des Padre Antonio Soler (1729-1783) /$cPaulino Capdepón.
=260  \\$aFrankfurt am Main ;$aNew York :$bP. Lang,$cc1994.
=300  \\$a299 p. :$bmusic ;$c21 cm.
=490  1\$aEuropäische Hochschulschriften. Reihe XXXVI, Musikwissenschaft,$x0721-3611 ;$vBd. 107 =$aPublications universitaires européennes. Série XXXVI, Musicologie ;$vvol. 107 =$aEuropean university studies. Series XXXVI, Musicology ;$vvol. 107
=504  \\$aList of Soler's villancicos: p. 267-290.
=504  \\$aIncludes bibliographical references (p. 255-266) and index.
=600  \0$aSoler, Antonio$d1729-1783$1http://www.wikidata.org/entity/Q314799$910100
=650  \0$aVillancico$1http://www.wikidata.org/entity/Q1232283$92371
=740  0\$aVillancicos von Soler.
=830  \0$9418$aEuropäische Hochschulschriften.$nReihe XXXVI,$pMusikwissenschaft ;$vBd. 107.
=942  \\$cBOO
=952  \\$00$10$2ddc$40$6BIO_SOLE_E$70$8BIO$96493$aORPH$bORPH$cKTS1_P$d2020-07-08$eKoopman$i33E55$l0$oBIO SOLE e$p20120934$r2021-01-12 00:00:00$w2021-01-12$yBOO$OKoopman
=999  \\$c6494$d6494
=650  \0$aMusic history$1http://www.wikidata.org/entity/Q846047$921373

