=LDR  01260cam a2200301 a 4500
=001  6495
=005  20250121142121.0
=008  970312s1995\\\\it\a\\\\\b\\\\001\0bita\d
=020  \\$a8870632237
=040  \\$aOI
=041  \\$aita
=100  \\$aCappelletto, Sandro$4aut$925845
=245  13$aLa voce perduta:$bvita di Farinelli, evirato cantore
=246  30$aEvirato cantore
=260  \\$aTurin$bEdT$c1995
=300  \\$axx-234 pages$billustrations$c23 cm
=504  \\$aIncludes bibliographical references (p. 225-228) and index.
=600  00$aFarinelli, Carlo Broschi$d1705-1782$99384
=648  \0$a18th Century (1701-1800)$1http://www.wikidata.org/entity/Q7015$920899
=650  \0$aCastrato$1http://www.wikidata.org/entity/Q210970$92704
=650  \0$aOpera$1http://www.wikidata.org/entity/Q1344$92468
=650  \0$aBiography$1http://www.wikidata.org/entity/Q36279$91927
=651  \0$aItaly$1http://www.wikidata.org/entity/Q38$922
=651  \0$aUnited Kingdom$1http://www.wikidata.org/entity/Q21$9273
=651  \0$aSpain$1http://www.wikidata.org/entity/Q29$920983
=942  \\$cBOO
=952  \\$00$10$2ddc$40$6BIO_FARI_D$70$8BIO$96494$aORPH$bORPH$cKTS1_P$d2020-07-08$eKoopman$l0$oBIO FARI d$p20125880$r2021-01-12 00:00:00$w2021-01-12$yBOO$OKoopman
=999  \\$d6495

