=LDR  01354cam a2200337 a 4500
=001  6500
=005  20250820153550.0
=008  070410s2007\\\\it\g\\\\\b\\\\001\0\ita\d
=010  \\$a  2007435928
=020  \\$a9788870964677
=020  \\$a8870964671
=035  \\$a(CStRLIN)NYUGB13493973-B
=035  \\$a(NNU)NYUb13493973
=035  \\$a(PU)4136804
=035  \\$a(NYU)NYUb13493973
=035  \\$a(CStRLIN)PAUGV4136804-B
=040  \\$aItFiC$beng$cItFiC$dDLC
=041  \\$aita
=042  \\$alccopycat
=043  \\$ae-it---
=100  \\$aCarchiolo, Salvatore$4aut$910108
=245  14$aUna perfezione d'armonia meravigliosa.$bPrassi cembalo-organistica del basso continuo italiano dalle origini all'inizio del XVIII secolo
=260  \\$aLucca$bLibreria musicale italiana$cc2007.
=300  \\$axii, 395 pages.$bmusic ;$c24 cm.
=504  \\$aIncludes bibliographical references (p. 371-384) and index.
=650  \0$aBasso continuo$1http://www.wikidata.org/entity/Q724321$921065
=650  \0$aHistorically informed performance$1http://www.wikidata.org/entity/Q1344860$920980
=942  \\$cBOO$2ddc
=952  \\$00$10$2ddc$40$6MTP_2_000000000000000_CARC$70$8MTP$96499$aORPH$bORPH$cKM12_1$d2020-07-08$eKoopman$i37C01$l0$oMTP 2 CARC$p20120590$r2021-01-12 00:00:00$w2021-01-12$yBOO
=999  \\$c6500$d6500
=651  \0$aItaly$1http://www.wikidata.org/entity/Q38$922

