=LDR  01152pam a2200241 a 4500
=001  6501
=005  20250710144601.0
=008  921130s1993\\\\enkacfg\\bc\\\001\0beng\\
=020  \\$a0198163002
=040  \\$aOI
=100  \\$aCareri, Enrico$910109
=245  10$aFrancesco Geminiani, 1687-1762 /$cEnrico Careri.
=260  \\$aOxford [England] :$bClarendon Press ;$aNew York :$bOxford University Press,$c1993.
=300  \\$a300 p. :$btabs., ports., music, facsims. ;$c24 cm.
=504  \\$aIncludes bibliographical references (p. [212]-220) and index.
=505  0\$aLife and works -- Thematic catalogue.
=600  \0$aGeminiani, Francesco$d1687-1762$1http://www.wikidata.org/entity/Q311625$910110
=650  \0$aComposer$1http://www.wikidata.org/entity/Q36834$93625
=600  \0$aGeminiani, Francesco$d1687-1762$1http://www.wikidata.org/entity/Q311625$910110
=856  \\$uhttp://www.loc.gov/catdir/enhancements/fy0606/92041355-d.html$3Publisher description
=942  \\$cBOO
=952  \\$00$10$2ddc$40$6BIO_GEMI_D$70$8BIO$96500$aORPH$bORPH$cKTS1_P$d2020-07-08$eKoopman$i32E09$oBIO GEMI d$p20122859$r2021-01-12 00:00:00$w2021-01-12$yBOO$OKoopman
=999  \\$c6501$d6501

