=LDR  01170cam a2200265 a 4500
=001  6502
=005  20250121142121.0
=008  020426s2002\\\\gw\ag\\\\b\\\\000\0\ita\d
=020  \\$a3890075142
=041  0\$aita$aeng$ager
=245  00$aItalienische Instrumentalmusik des 18. Jahrhunderts:$bAlte und neue Protagonisten
=246  3\$aItalienische Instrumentalmusik des achtzehnten Jahrhunderts
=260  \\$aLaaber$bLaaber-Verlag$c2002
=300  \\$a314 pages$billustrations, music$c24 cm
=490  \\$aAnalecta musicologica$v32
=504  \\$aIncludes bibliographical references.
=546  \\$aChiefly in Italian; one contribution each in English and German.
=648  \0$a18th Century (1701-1800)$1http://www.wikidata.org/entity/Q7015$920899
=650  \0$aInstrumental music$1http://www.wikidata.org/entity/Q639197$92106
=651  \0$aItaly$1http://www.wikidata.org/entity/Q38$922
=700  \\$aCareri, Enrico$4edt$910109
=700  \\$aEngelhardt, Markus$4edt$910112
=942  \\$cBOO
=952  \\$00$10$2ddc$40$6TOP_IT_5_000000000000000$70$8TOP$96501$aORPH$bORPH$cKTS0$d2020-07-08$eKoopman$iTOP IT 5$l0$oTOP IT 5$p20129458$r2021-01-12 00:00:00$w2021-01-12$yBOO
=999  \\$d6502

