=LDR  00878    a2200193   4500
=001  6503
=008  220616s1995\\\\it\f||||\||||\00|\0\ita\d
=041  \\$aita
=100  \\$aCarideo, Armando$4aut$910113
=245  \\$aL'organo della Chiesa Collegiata di Anguillara Sabazia
=260  \\$c1995$aRome$bGaramond
=300  \\$a88 pages
=610  \0$aCollegiata di Santa Maria Assunta (Anguillara Sabazia, Italy)$1http://www.wikidata.org/entity/Q20007895$924391
=650  \0$aOrgan$1http://www.wikidata.org/entity/Q1444$92810
=650  \0$aOrganology$1http://www.wikidata.org/entity/Q899293$921400
=651  \0$aAnguillara Sabazia (Italy)$1http://www.wikidata.org/entity/Q241693$924392
=942  \\$cBOO
=952  \\$00$10$2ddc$40$6INS_3_000000000000000_1E_IT_ANG$70$8INS$96502$aORPH$bORPH$cKTS0$d2020-07-08$eKoopman$i18B25$oINS3.1e IT.ANG$p20127717$r2021-01-12 00:00:00$w2021-01-12$yBOO
=999  \\$d6503

