=LDR  00458acm a2200121   4500
=001  6504
=008  230302s1984\\\\|||||l||\||||\00|\0\\\\\d
=041  \\$hlat
=245  \\$aCarmina carissima:$bcantica selecta bohemica sæculi XVI. Coro a cappella
=260  \\$bSupraphon$c1984
=942  \\$cSCO
=952  \\$00$10$2ddc$40$6SCO_MISC_SNIZ$70$8SCO$96503$aORPH$bORPH$cKTS1_H$d2020-07-08$eKoopman$iW890$l0$oSCO MISC SNIZ$p20124222$r2021-01-12 00:00:00$w2021-01-12$ySCO$OW.0890
=999  \\$d6504

