=LDR  01090aam a2200229   4500
=001  6507
=005  20251003085456.0
=008  230531s2000\\\\||||||||\c|||\00|\0bita\d
=041  \\$aita
=100  \\$aCarlini, A.$910116$4aut
=245  \\$aFrancesco Antonio Bonporti 'Gentilhuomo di Trento':$bbiografia e catalogo tematico dell'opera
=260  \\$aPadua$bEdizioni de I Solisti Veneti$c2000
=600  \0$98899$aBonporti, Francesco Antonio$d1672-1749
=648  \0$1http://www.wikidata.org/entity/Q7016$a17th Century (1601-1700)$920923
=648  \0$1http://www.wikidata.org/entity/Q7015$a18th Century (1701-1800)$920899
=650  \0$1http://www.wikidata.org/entity/Q36834$aComposer$93625
=650  \0$1http://www.wikidata.org/entity/Q36279$aBiography$91927
=650  \0$1http://www.wikidata.org/entity/Q2352616$aCatalogue$921484
=651  \0$1http://www.wikidata.org/entity/Q3376$aTrento (Italy)$923560
=942  \\$cBOO
=952  \\$00$10$2ddc$40$6BIO_BONP_D$70$8BIO$96506$aORPH$bORPH$cKTS1_P$d2020-07-08$eKoopman$i45B18$oBIO BONP d$p20127392$r2021-01-12 00:00:00$w2021-01-12$yBOO$OKoopman
=999  \\$d6507

