=LDR  01516cam a2200325 i 4500
=001  6508
=005  20250120115956.0
=008  160711s2016\\\\it\a\\\\\bc\\\000\0\ita\\
=020  \\$a9788857233253
=020  \\$a8857233251
=040  \\$aOI$beng$erda
=245  10$aArtemisia Gentileschi e il suo tempo /$ccatalogo, coordinamento scientifico, Francesca Baldassari ; saggi, Francesca Baldassari [and 6 others].
=264  \1$aMilano :$bSkira,$c[2016]
=300  \\$a311 pages :$bcolor illustrations ;$c29 cm
=336  \\$atext$btxt$2rdacontent
=336  \\$astill image$bsti$2rdacontent
=337  \\$aunmediated$bn$2rdamedia
=338  \\$avolume$bnc$2rdacarrier
=504  \\$aIncludes bibliographical references (pages 301-311).
=600  \0$aGentileschi, Artemisia$d1593-1652/53$1http://www.wikidata.org/entity/Q212657$910117
=650  \0$aFine art$1http://www.wikidata.org/entity/Q219625$921579
=650  \0$aBaroque$1http://www.wikidata.org/entity/Q37853$921255
=700  \\$aBaldassari, Francesca$910118
=700  \2$aGentileschi, Artemisia$d1593-1652/53$iContainer of (work):$1http://www.wikidata.org/entity/Q212657$910117
=710  \\$aPalazzo Braschi,$91267
=942  \\$cBOO
=952  \\$00$10$2ddc$40$6BIO_GENT_D$70$8BIO$96507$aORPH$bORPH$cKTS1_P$d2020-07-08$eKoopman$i46G26$oBIO GENT d$p20126984$r2021-01-12 00:00:00$w2021-01-12$yBOO$OKoopman
=999  \\$c6508$d6508
=651  \0$aItaly$1http://www.wikidata.org/entity/Q38$922
=648  \0$a17th Century (1601-1700)$1http://www.wikidata.org/entity/Q7016$920923

