=LDR  00970aam a2200217   4500
=001  6509
=008  220324s1954\\\\||||||||\||||\00|\0deng\d
=041  \\$aeng
=100  \\$aCooke Carpenter, Nan$4aut$910120
=245  \\$aRabelais and Music
=260  \\$aChapel Hill, NC$bUniversity of North Carolina Press$c1954
=300  \\$axiv-149 pages
=490  \\$aStudies in Comparative Literature$v8
=600  \0$aRabelais, François$dc. 1490-1553?$1http://www.wikidata.org/entity/Q131018$910931
=648  \0$a16th Century (1501-1600)$1http://www.wikidata.org/entity/Q7017$920944
=650  \0$aLiterature$1http://www.wikidata.org/entity/Q8242$94439
=650  \0$aMusic history$1http://www.wikidata.org/entity/Q846047$921373
=651  \0$aFrance$1http://www.wikidata.org/entity/Q142$9131
=942  \\$cBOO
=952  \\$00$10$2ddc$40$6LIT_RABE_B_COOK$70$8LIT$96508$aORPH$bORPH$cKM12_2_H$d2020-07-08$eKoopman$i23B30$oLIT RABE b COOK$p20128529$r2021-01-12 00:00:00$w2021-01-12$yBOO
=999  \\$d6509

