=LDR  00977aam a2200217   4500
=001  6510
=008  240516s1964\\\\||||||||\||||\00|\0bdut\d
=041  \\$adut
=100  \\$aCarpentier, J. de$4aut$910121
=245  \\$aPietro Locatelli:$bMusicien te Amsterdam
=260  \\$aAmsterdam$c1964
=490  \\$aAC-reeks$v1005
=600  \0$aLocatelli, Pietro Antonio$d1695-1764$1http://www.wikidata.org/entity/Q702722$912443
=648  \0$a18th Century (1701-1800)$1http://www.wikidata.org/entity/Q7015$920899
=650  \0$aComposer$1http://www.wikidata.org/entity/Q36834$93625
=650  \0$aViolinist$1http://www.wikidata.org/entity/Q1259917$93278
=650  \0$aBiography$1http://www.wikidata.org/entity/Q36279$91927
=651  \0$aAmsterdam (Netherlands)$1http://www.wikidata.org/entity/Q727$9135
=942  \\$cBOO
=952  \\$00$10$2ddc$40$6BIO_LOCA_F$70$8BIO$96509$aORPH$bORPH$cKTS1_P$d2020-07-08$eKoopman$i20D57$oBIO LOCA f$p20125349$r2021-01-12 00:00:00$w2021-01-12$yBOO$OKoopman
=999  \\$d6510

