=LDR  00353    a2200109   4500
=001  6511
=100  \\$aCarrell, Norman$916167
=245  \\$aBach the Borrower
=260  \\$c1967
=942  \\$cBOO
=952  \\$00$10$40$6BIO_BACH1_E$70$8BIO$96510$aORPH$bORPH$cKTS1_P$d2020-07-08$eKoopman$i47D43$oBIO BACH1 e$p20123672$r2021-01-12 00:00:00$w2021-01-12$yBOO$OKoopman
=999  \\$c6511$d6511

