=LDR  00836    a2200193   4500
=001  6516
=008  220415s1968\\\\gw\h||||\||||\00|\0\ger\d
=041  \\$ager
=100  \\$aCarspecken, Ferdinand$4aut$910126
=245  \\$aFünfhundert Jahre Kasseler Orgeln.$bEin Betrag zur Kultur- und Kunstgeschichte der Stadt Kassel
=260  \\$c1968$aBasel$bBärenreiter
=300  \\$a162 pages+25 leaves of plates
=336  \\$aprinted
=650  \0$aOrgan$1http://www.wikidata.org/entity/Q1444$92810
=650  \0$aOrganology$1http://www.wikidata.org/entity/Q899293$921400
=651  \0$aKassel (Germany)$1http://www.wikidata.org/entity/Q2865$923932
=942  \\$cBOO
=952  \\$00$10$2ddc$40$6INS_3_000000000000000_1A_DE_KAS$70$8INS$96515$aORPH$bORPH$cKTS0$d2020-07-08$eKoopman$i24A50$oINS3.1a DE.KAS$p20128766$r2021-01-12 00:00:00$w2021-01-12$yBOO
=999  \\$d6516

