=LDR  00982aam a2200205   4500
=001  6517
=008  231129s1949\\\\uk\\||||\||||\00|\0\eng\d
=041  \\$aeng
=100  \\$aCarter, John$910127$4aut
=245  \\$aTaste & Technique in Book-Collecting:$bA Study of Recent Developments in Great Britain and the United States
=260  \\$c1949$aCambridge$bCambridge University Press
=300  \\$a201 pages
=650  \0$aCollecting$1http://www.wikidata.org/entity/Q208165$92117
=650  \0$aBibliophilia$1http://www.wikidata.org/entity/Q214719$921630
=650  \0$aLibrary$1http://www.wikidata.org/entity/Q7075$94229
=651  \0$aUnited Kingdom$1http://www.wikidata.org/entity/Q21$1https://www.wikidata.org/wiki/Q145$9273
=651  \0$aUSA$1http://www.wikidata.org/entity/Q30$943
=942  \\$cBOO
=952  \\$00$10$2ddc$40$6BIB_1_000000000000000_CART$70$8BIB$96516$aORPH$bORPH$cKTS0$d2020-07-08$eKoopman$i47E18$l0$oBIB1 CART$p20123649$r2021-01-12 00:00:00$w2021-01-12$yBOO$OKoopman
=999  \\$d6517

