=LDR  02404cam a22001934a 4500
=001  6518
=008  060814s2006\\\\-usa\\\\\\\\\\001\0\eng\\
=041  \\$aeng
=100  \\$4edt$aCarter, Stewart$d1944-$eEditor$910128
=245  00$aBrass Scholarship in Review.$bProceedings of the Historic Brass Society Conference, Cité de la Musique. Paris, 1999
=260  \\$aHillsdale$bPendragon$c2006
=300  \\$ax-306 pages$bill. $c24 cm.
=490  0\$aBucina: The Historic Brass Society Series$vNo. 6
=505  \\$gThe History of the Bancho Family of Trumpeters: A Study in Patronage and Welfare in Renaissance Parma - Russell E. Murray Jr. / "Sir Tristrams measures of blowing,"" Jacques du Fouilloux, and the English Hunting Horn Repertory of the Baroque Era - Peter Downey / Brass Instruments in Masonic Ceremonies: The Building of ""the Athens of the North" - Alexander McGrattan / Evaluation of the Composition and Technological Properties of Historical Brass in Instrument Manufacture of the Sixteenth to Eighteenth Centuries - Karl Hachenberg, translated by Howard Weiner / Trombone Ensembles of the Moravian Brethren in America: New Avenues for Research - Stewart Carter / Christian Friedrich Daniel Schubart's Remarks on the Cornett - Gerhard Stradner / Gautrot-Aîné, First of the Moderns - William Waterhouse / Adolphe Sax and the Paris Opéra - Ignace De Keyser, edited by Keith Polk / Printed Editions of Music for Brass Bands and Military Bands by German and Austrian Publishers in the Second Half of the Nineteenth Century - Bernard Habla / Oskar Böhme Revisited: Young Musicians' Training, Instruments, and Repertoire in the Late Nineteenth and Early Twentieth Centuries - Edward H. Tarr / Friedrich Gumpert (1841-1906) and the Performing Technique of the Valved Horn in Late-Nineteenth-Century Germany - John Ericson / Off-Centered Embouchure in Brass Playing - Benny Sluchin and Pierre Dana / Trumpet Design and Acoustical Characteristics - Arnold Myers and D. Murray Campbell / Brass Playing Before Globalization - Robert Philip / REPORTS ON DISCUSSION SESSIONS
=650  \0$aBrass instrument$1http://www.wikidata.org/entity/Q180744$92439
=710  \\$aHistoric Brass Society$1http://www.wikidata.org/entity/Q5773406$91268
=942  \\$cBOO
=952  \\$00$10$2ddc$40$6INS_7D_CART$70$8INS$96517$aORPH$bORPH$cKTS0$d2020-07-08$eKoopman$oINS7d CART$p20120577$r2021-01-12 00:00:00$w2021-01-12$yBOO
=999  \\$d6518

