=LDR  02061nam a2200349 a 4500
=001  6519
=005  20250121142121.0
=008  960905s1995\\\\sz\a\\\\\b\\\\000\0\ger\d
=020  \\$a3258052646
=040  \\$aOI
=041  0\$ager
=245  00$aAlessandro Scarlatti und seine Zeit
=260  \\$aBern$bHaupt$c1995
=300  \\$a136 pages$billustrations$c23 cm
=490  \\$aOpéra-studio de Genève
=504  \\$aIncludes bibliographical references (p. [131]-136).
=505  0\$aItalian opera libretti 1679-1721 : universality and flexibility of a literary genre / Carlo Caruso -- Strutture mentali e vocabolario di un cantore antico/moderno : preliminari per una lettura delle fonti didattiche settecentesche / Sergio Durante -- Scenotecnica e macchine al tempo di Alessandro Scarlatti : i mezzi in uso e i fini da conseguire / Mercedes Viale Ferrero -- A context for Griselda : the Teatro Capranica, 1711-1724 / Reinhard Strohm -- Technique et didactique du clavier dans l'oeuvre d'Alessandro Scarlatti / Luigi Ferdinando Tagliavini.
=546  \\$aPapers in English, French, and Italian ; preface in German.
=600  \0$aScarlatti, Alessandro$d1660-1725$1http://www.wikidata.org/entity/Q183087$913800
=648  \0$a17th Century (1601-1700)$1http://www.wikidata.org/entity/Q7016$920923
=648  \0$a18th Century (1701-1800)$1http://www.wikidata.org/entity/Q7015$920899
=650  \0$aOpera$1http://www.wikidata.org/entity/Q1344$92468
=650  \0$aComposer$1http://www.wikidata.org/entity/Q36834$93625
=650  \0$aOpera$1http://www.wikidata.org/entity/Q1344$92468
=651  \0$aNaples (Italy)$1http://www.wikidata.org/entity/Q2634$921
=651  \0$aRome (Italy)$1http://www.wikidata.org/entity/Q220$949
=651  \0$aFlorence (Italy)$1http://www.wikidata.org/entity/Q2044$9248
=700  \\$aCaruso, Carlo$4edt$910130
=700  \\$aLütolf, Max$4edt$910131
=942  \\$cBOO
=952  \\$00$10$2ddc$40$6BIO_SCAR1_E$70$8BIO$96518$aORPH$bORPH$cKTS1_P$d2020-07-08$eKoopman$i21F14$oBIO SCAR1 e$p20125494$r2021-01-12 00:00:00$w2021-01-12$yBOO
=999  \\$d6519

