=LDR  01248cam a22002894a 4500
=001  6524
=005  20250925143257.0
=008  021125s2002\\\\it\a\\\\\b\\\\001\0\ita\\
=041  \\$aita
=100  \\$aCassone, Gabriele$4aut$910134
=245  13$aLa tromba
=250  \\$a1. ed.
=260  \\$aVarese $bZecchini$c2002
=300  \\$axv-335 pages$bill. $c31 cm.
=490  \\$aL'espressione della musica 
=500  \\$aWith a dedication by the author to TK
=504  \\$aIncludes bibliographical references (p. 333-334) and indexes.
=648  \0$aPast$1http://www.wikidata.org/entity/Q192630$922196
=648  \0$a18th Century (1701-1800)$1http://www.wikidata.org/entity/Q7015$920899
=648  \0$a19th Century (1801-1900)$1http://www.wikidata.org/entity/Q6955$920935
=648  \0$a20th Century (1901-2000)$1http://www.wikidata.org/entity/Q6927$920936
=650  \0$aTrumpet$1http://www.wikidata.org/entity/Q8338$92388
=650  \0$aMusic history$1http://www.wikidata.org/entity/Q846047$921373
=651  \0$aWorld$1http://www.wikidata.org/entity/Q2$922254
=942  \\$cBOO
=952  \\$00$10$2ddc$40$6INS_7_000000000000000_3A$70$8INS$96523$aORPH$bORPH$cKTS0$d2020-07-08$eKoopman$i31B02$oINS7.3a$p20121131$r2021-01-12 00:00:00$w2021-01-12$yBOO
=999  \\$d6524

