=LDR  00416    a2200109   4500
=001  6527
=100  \\$aCastiglione, Baldassarre$d1478-1529$1http://www.wikidata.org/entity/Q211133$923016
=245  \\$aThe book of the courtier
=260  \\$c1948
=942  \\$cBOO
=952  \\$00$10$2ddc$40$6LIT_CAST_A$70$8LIT$96526$aORPH$bORPH$cKM12_2_H$d2020-07-08$eKoopman$i22F21$oLIT CAST a$p20128836$r2021-01-12 00:00:00$w2021-01-12$yBOO
=999  \\$c6527$d6527

