=LDR  01283cam a22002771  4500
=001  6530
=005  20250120120524.0
=008  831213s1931\\\\it\c\\\\\b\\\\000\0bita\\
=040  \\$aOI
=041  \\$aita
=100  \\$aCatelani, Angelo$d1811-1866$4aut$920827
=245  00$aMemorie della vita e delle opere di Claudio Merulo
=260  \\$aMilan$bBollettino bibliografico musicale$c1931
=300  \\$a95 pages$bmounted frontispiece (portrait)$c23 cm
=600  \0$aMerulo, Claudio$d1533-1604$1http://www.wikidata.org/entity/Q380517$97220
=648  \0$a16th Century (1501-1600)$1http://www.wikidata.org/entity/Q7017$920944
=650  \0$aComposer$1http://www.wikidata.org/entity/Q36834$93625
=650  \0$aOrganist$1http://www.wikidata.org/entity/Q765778$94471
=650  \0$aPublishing$1http://www.wikidata.org/entity/Q3972943$93049
=650  \0$aKeyboard music$1http://www.wikidata.org/entity/Q105715630$921412
=650  \0$aBiography$1http://www.wikidata.org/entity/Q36279$91927
=651  \0$aParma (Italy)$1http://www.wikidata.org/entity/Q2683$922868
=700  \\$aBenvenuti, Giacomo$4edt$920828
=942  \\$cBOO
=952  \\$00$10$2ddc$40$6BIO_MERU_D$70$8BIO$96529$aORPH$bORPH$cKTS1_P$d2020-07-08$eKoopman$i31A15$oBIO MERU d$p20121157$r2021-01-12 00:00:00$w2021-01-12$yBOO
=999  \\$d6530

