=LDR  01022aam a2200217   4500
=001  6531
=005  20251003085456.0
=008  250224s1949\\\\||||||||\c|||\00|\0\eng\d
=041  \\$aeng
=100  \\$aCauchie, M.$910140$4aut
=245  \\$aThematic Index of the Works of François Couperin
=260  \\$aMonaco$bL'Oiseau-Lyre$c1949
=600  \0$aCouperin, François$d1668-1733$1http://www.wikidata.org/entity/Q50186$96241
=648  \0$a17th Century (1601-1700)$1http://www.wikidata.org/entity/Q7016$920923
=648  \0$a18th Century (1701-1800)$1http://www.wikidata.org/entity/Q7015$920899
=650  \0$aComposer$1http://www.wikidata.org/entity/Q36834$93625
=650  \0$aCatalogue$1http://www.wikidata.org/entity/Q2352616$1http://www.wikidata.org/entity/Q6941730$921484
=651  \0$aFrance$1http://www.wikidata.org/entity/Q142$9131
=942  \\$cBOO
=952  \\$00$10$2ddc$40$6BIO_COUP_C$70$8BIO$96530$aORPH$bORPH$cKTS1_P$d2020-07-08$eKoopman$i32D13$oBIO COUP c$p20123133$r2021-01-12 00:00:00$w2021-01-12$yBOO$OKoopman
=999  \\$d6531

