=LDR  01095nam a22002897i 4500
=001  6532
=003  OI
=005  20250120115942.0
=008  060116s2005\\\\it\||||||\\\\|||||\|mul|c
=020  \\$a8871889452
=040  \\$bOI
=041  \7$aita$aeng
=245  03$aIl presepe napoletano
=246  11$aThe Neapolitan Crib
=260  \\$aNaples$bGuida$c 2005
=300  \\$a297 pages$billustrations (color)$c32 cm
=590  \\$aa cura di Marisa Piccoli Catello ; fotografia di Marialba Russo ; saggi di Raffaello Causa e Nicola Spinosa.
=650  \0$aChristmas$1http://www.wikidata.org/entity/Q19809$92122
=650  \0$aApplied arts$1http://www.wikidata.org/entity/Q2865882$921627
=651  \0$aNaples (Italy)$1http://www.wikidata.org/entity/Q2634$921
=700  1\$aCausa, Raffaello$4aut
=700  1\$aSpinosa, Nicola$4aut
=700  1\$aPiccoli Catello, Marisa$4edt
=700  1\$aRusso, Marialba$4pht
=942  \\$cBOO
=952  \\$00$10$2ddc$40$6TOP_IT_NAP$70$8TOP$96531$aORPH$bORPH$cKTS0$d2020-07-08$eKoopman$i38C48$l0$oTOP IT.NAP$p20120402$r2021-01-12 00:00:00$w2021-01-12$yCHA$OKoopman
=999  \\$d6532

