=LDR  00799    a2200181   4500
=001  6533
=008  230307r19721982gw\h||||\||||\00|\0\ger\d
=041  \\$ager
=100  \\$aCavaillé-Coll, Aristide$d1811-1899$4aut$1http://www.wikidata.org/entity/Q356502$94970
=245  \\$aSämtliche theoretische Arbeiten von A. Cavaillé-Coll
=260  \\$c1982$aAustria$bChristoph Glatter-Götz
=300  \\$a180 pages
=650  \0$aOrgan$1http://www.wikidata.org/entity/Q1444$92810
=650  \0$aOrganology$1http://www.wikidata.org/entity/Q899293$921400
=700  \\$4edt$aGlatter-Götz, Christoph$925818
=942  \\$cBOO
=952  \\$00$10$2ddc$40$6INS_3_000000000000000_1B_CAVA$70$8INS$96532$aORPH$bORPH$cKTS0$d2020-07-08$eKoopman$i22A45$l0$oINS3.1b CAVA$p20125587$r2021-01-12 00:00:00$w2021-01-12$yBOO$OKoopman
=999  \\$d6533

