=LDR  00910    a2200205   4500
=001  6534
=008  230316s1929\\\\fr\a||||\||||\00|\0\fre\d
=041  \\$afre
=245  \\$aAristide Cavaillé-Coll. Ses Origines - Sa Vie - Ses Oeuvres
=260  \\$c1929$aParis$bFischbacher
=300  \\$a183 pages
=600  \0$aCavaillé-Coll, Aristide$d1811-1899$1http://www.wikidata.org/entity/Q356502$94970
=650  \0$aOrgan$1http://www.wikidata.org/entity/Q1444$92810
=650  \0$aOrganology$1http://www.wikidata.org/entity/Q899293$921400
=651  \0$aParis (France)$1http://www.wikidata.org/entity/Q90$9160
=700  \\$4aut$aCavaillé-Coll, Cécile$910143
=700  \\$4aut$aCavaillé-Coll, Emmanuel$925874
=942  \\$cBOO
=952  \\$00$10$2ddc$40$6INS_3_000000000000000_1B_CAVA$70$8INS$96533$aORPH$bORPH$cKTS0$d2020-07-08$eKoopman$i33C28$l0$oINS3.1b CAVA$p20122997$r2021-01-12 00:00:00$w2021-01-12$yBOO$OKoopman
=999  \\$d6534

