=LDR  00870cam a2200229 a 4500
=001  6536
=005  20250120120020.0
=008  990120s1998\\\\it\a\\\\\\\\\\001\0\ita\\
=020  \\$a8831770543
=040  \\$aOI
=041  \\$aita
=100  \\$aCavallini, Ivano$4aut$910148
=245  13$aIl direttore d'orchestra.$bGenesi e storia di un'arte
=260  \\$aVenice$bMarsilio$c1998
=300  \\$a270 pages$billustrations$c22 cm
=490  0\$aMusica critica
=504  \\$aIncludes bibliographical references (p. 251-261) and index.
=650  \0$aConducting$1http://www.wikidata.org/entity/Q6989196$92392
=650  \0$aMusic history$1http://www.wikidata.org/entity/Q846047$921373
=942  \\$cBOO
=952  \\$00$10$2ddc$40$6MTP_2_000000000000000_CAVA$70$8MTP$96535$aORPH$bORPH$cKM12_1$d2020-07-08$eKoopman$i28E29$oMTP2 CAVA$p20121405$r2021-01-12 00:00:00$w2021-01-12$yBOO
=999  \\$d6536

