=LDR  01105pcm a2200265 a 4500
=001  6538
=005  20250120120022.0
=008  850612r19851661nyucta\\\bz\\\\n\\\\ita\\
=020  \\$a0824088824 (alk. paper) :$c$60.00
=040  \\$aOI
=041  0\$aita$eita$geng
=045  2\$bd1661$bd1677
=100  \\$aCazzati, Maurizio$d1616-1678$4cmp$1http://www.wikidata.org/entity/Q1387014$910150
=240  10$9425$aVocal music.$kSelections
=245  00$aCantatas /$cby Maurizio Cazzati ; selected and introduced by Anne Schnoebelen.
=260  \\$aNew York :$bGarland,$c1985.
=300  \\$a1 score (264 p.) ;$c32 cm.
=504  \\$aIncludes bibliographical references.
=650  \0$aDuet$1http://www.wikidata.org/entity/Q109940$92394
=650  \0$aCantata$1http://www.wikidata.org/entity/Q174873$921603
=700  \\$aSchnoebelen, Anne$910151
=942  \\$cSCO
=952  \\$00$10$2ddc$40$6SCO_MISC_SCHN6$70$8SCO$96537$aORPH$bORPH$cKTS1_H$d2020-07-08$eKoopman$iW1486$l0$oSCO MISC SCHN6$p20124045$r2021-01-12 00:00:00$w2021-01-12$ySCO$OW.1486
=999  \\$c6538$d6538
=490  \\$aThe Italian cantata in the seventeenth century ;

