=LDR  01236aam a2200253   4500
=001  6543
=008  211103s1933\\\\fr\fa|||\||||\00|\0\fre\d
=041  \\$afre
=245  \\$aL'Orgue.$bSes éléments, son histoire, son esthétique
=260  \\$aParis$bLibrarie Delagrave$c1933
=300  \\$a248 pages
=561  \\$aAutograph dedication by Alexandre Cellier
=648  \0$a17th Century (1601-1700)$1http://www.wikidata.org/entity/Q7016$920923
=648  \0$a18th Century (1701-1800)$1http://www.wikidata.org/entity/Q7015$920899
=648  \0$a19th Century (1801-1900)$1http://www.wikidata.org/entity/Q6955$920935
=650  \0$aOrgan$1http://www.wikidata.org/entity/Q1444$92810
=650  \0$aOrganology$1http://www.wikidata.org/entity/Q899293$921400
=651  \0$aEurope$1http://www.wikidata.org/entity/Q46$991
=700  \\$4aut$aCellier, Alexandre$d1883-1968$1http://www.wikidata.org/entity/Q2621428$910159
=700  \\$4aut$aBachelin, Henri$99332
=700  \\$4win$aWidor, Charles-Marie$d1844-1937$1http://www.wikidata.org/entity/Q215161$918592
=942  \\$cBOO
=952  \\$00$10$2ddc$40$6INS_3_000000000000000_1A$70$8INS$96542$aORPH$bORPH$cKTS0$d2020-07-08$eKoopman$i31B11$oINS3.1a$p20121122$r2021-01-12 00:00:00$w2021-01-12$yBOO
=999  \\$d6543

