=LDR  01000aam a2200229   4500
=001  6544
=008  250912r19681907||||||||\||||\00|\0aeng\d
=041  \\$aeng$hita
=100  \\$aCellini, Benvenuto$d1500-1571$1http://www.wikidata.org/entity/Q190116$925232$4aut
=245  \\$aThe Life of Benvenuto Cellini Written by Himself
=260  \\$aLondon$bDent$c1968
=490  \\$aEveryman's Library
=534  \\$aThis edition originally published in 1907
=648  \0$a16th Century (1501-1600)$1http://www.wikidata.org/entity/Q7017$920944
=650  \0$aFine art$1http://www.wikidata.org/entity/Q219625$921579
=650  \0$aBiography$1http://www.wikidata.org/entity/Q36279$91927
=651  \0$aItaly$1http://www.wikidata.org/entity/Q38$922
=700  \\$aMacdonnell, A.$4trl$941184
=700  \\$aGaunt, W.$4trl$941185
=942  \\$cBOO
=952  \\$00$10$2ddc$40$6BIO_CELL_A$70$8BIO$96543$aORPH$bORPH$cKTS1_P$d2020-07-08$eKoopman$i41D44$l0$oBIO CELL a$p20120127$r2021-01-12 00:00:00$w2021-01-12$yBOO$OKoopman
=999  \\$d6544

