=LDR  00360    a2200109   4500
=001  6547
=100  \\$aCermakian, M.$910163
=245  \\$aLa Princesse des Ursins
=260  \\$c1969
=942  \\$cBOO
=952  \\$00$10$2ddc$40$6BIO_URSI_D$70$8BIO$96546$aORPH$bORPH$cKTS1_P$d2020-07-08$eKoopman$i45E09$oBIO URSI d$p20127481$r2021-01-12 00:00:00$w2021-01-12$yBOO$OKoopman
=999  \\$c6547$d6547

