=LDR  00366    a2200109   4500
=001  6550
=100  \\$aCesari, G.$910166
=245  \\$aLa capella musicale del Duomo di
=260  \\$c1956
=942  \\$cBOO
=952  \\$00$10$2ddc$40$6BIO_MATT_B$70$8BIO$96549$aORPH$bORPH$cKTS1_P$d2020-07-08$eKoopman$i19A03$oBIO MATT b$p20125174$r2021-01-12 00:00:00$w2021-01-12$yBOO$OKoopman
=999  \\$c6550$d6550

