=LDR  00929cam a2200217 a 4500
=001  6551
=005  20250120115957.0
=008  960213s1995\\\\fr\agj\\\b\\\\001\0dfre\\
=020  \\$a2742705996
=040  \\$aOI
=100  \\$aCessac, Catherine$d-1952$910167
=245  10$aElisabeth Jacquet de La Guerre :$bune femme compositeur sous le règne de Louis XIV /$cCatherine Cessac.
=250  \\$a1. éd.
=260  \\$aArles :$bActes sud,$cc1995.
=300  \\$a212 p. :$bill., music, gen. tab. ;$c23 cm.
=504  \\$aIncludes worklist (p. 191-192), bibliographical references (p. 193-205) and index.
=600  \0$aJacquet de La Guerre, Élisabeth-Claude$d1665-1729$1http://www.wikidata.org/entity/Q57704$910168
=942  \\$cBOO
=952  \\$00$10$2ddc$40$6BIO_JACQ_D$70$8BIO$96550$aORPH$bORPH$cKTS1_P$d2020-07-08$eKoopman$i22E29$oBIO JACQ d$p20128876$r2021-01-12 00:00:00$w2021-01-12$yBOO$OKoopman
=999  \\$c6551$d6551
=490  \\$aSérie Musique

