=LDR  01060cam a2200241 a 4500
=001  6552
=005  20250120120155.0
=008  890406s1988\\\\fr\acfg\\bc\\\001\0bfre\\
=020  \\$a2213021368
=040  \\$aOI
=100  \\$aCessac, Catherine$d-1952$910167
=245  10$aMarc-Antoine Charpentier /$cCatherine Cessac.
=260  \\$a[Paris] :$bFayard,$cc1988.
=300  \\$a604 p., [12] p. of plates :$bill., ports., music ;$c23 cm.
=504  \\$a"Tableau chronologique des œuvres" [de Marc-Antoine Charpentier]: p. [463]-525.
=504  \\$aIncludes bibliographical references (p. [563]-579) and indexes.
=600  \0$aCharpentier, Marc-Antoine$d1643-1704$1http://www.wikidata.org/entity/Q55524$910169
=650  \0$aComposer$1http://www.wikidata.org/entity/Q36834$93625
=740  02$aCharpentier.
=942  \\$cBOO
=952  \\$00$10$2ddc$40$6BIO_CHAR1_D$70$8BIO$96551$aORPH$bORPH$cKTS1_P$d2020-07-08$eKoopman$i32D05$oBIO CHAR1 d$p20123137$r2021-01-12 00:00:00$w2021-01-12$yBOO$OKoopman
=999  \\$c6552$d6552
=651  \0$aFrance$1http://www.wikidata.org/entity/Q142$9131

