=LDR  01259cam a2200289 a 4500
=001  6553
=005  20251003085456.0
=008  031020s2003\\\\fr\gh\\\\bc\\\001\0\fre\c
=010  \\$a  2003708657
=020  \\$a227106130X
=035  \\$a(OCoLC)ocm53374344
=040  \\$aTZT$cTZT$dAUXAM$dIUL$dDLC
=041  \\$afre
=100  \\$aCessac, Catherine$d-1952$4aut$910167
=245  12$aL'Œuvre de Daniel Danielis (1635-1696) :$bcatalogue thématique
=260  \\$aParis$bCNRS$c2003
=300  \\$a239 p. :$bfacsims., music ;$c30 cm.
=490  1\$aSciences de la musique. Série références
=504  \\$aIncludes bibliographical references (p. 47-50) and indexes.
=600  \0$aDanielis, Daniel$d1635-1696$vThematic catalogs.$1http://www.wikidata.org/entity/Q326374$910170
=648  \0$a17th Century (1601-1700)$1http://www.wikidata.org/entity/Q7016$920923
=650  \0$aMusic history$1http://www.wikidata.org/entity/Q846047$921373
=650  \0$aComposer$1http://www.wikidata.org/entity/Q36834$93625
=650  \0$aCatalogue$1http://www.wikidata.org/entity/Q2352616$921484
=942  \\$cBOO
=952  \\$00$10$2ddc$40$6BIO_DANI_C$70$8BIO$96552$aORPH$bORPH$cKTS1_P$d2020-07-08$eKoopman$i34D27$l0$oBIO DANI c$p20120834$r2021-01-12 00:00:00$w2021-01-12$yBOO
=999  \\$d6553

