=LDR  00816cam a2200205 a 4500
=001  6554
=005  20250120120415.0
=008  990112s1998\\\\fr\g\\\\\bck\\001\0bfre\\
=020  \\$a2213601755
=040  \\$aOI
=072  \7$aML$2lcco
=100  \\$aCessac, Catherine$d-1952$910167
=245  10$aNicolas Clérambault /$cCatherine Cessac.
=260  \\$a[Paris?] :$bFayard,$c1998.
=300  \\$a376 p. :$bmusic ;$c23 cm.
=504  \\$aIncludes bibliographical references (p. [335]-351), discography (p. [353]-356), and indexes.
=600  \0$aClérambault, Louis-Nicolas$d1676-1749$1http://www.wikidata.org/entity/Q470149$97049
=942  \\$cBOO
=952  \\$00$10$2ddc$40$6BIO_CLER_D$70$8BIO$96553$aORPH$bORPH$cKTS1_P$d2020-07-08$eKoopman$i35B12$oBIO CLER d$p20120778$r2021-01-12 00:00:00$w2021-01-12$yBOO$OKoopman
=999  \\$c6554$d6554

