=LDR  01085    a2200253   4500
=001  6555
=005  20250925143257.0
=008  211110s1979\\\\it\f||||\||||\00|\0\ita\d
=041  \\$aita
=100  \\$aFranzoni, Lanfranco$4cur$922798
=245  \\$aFonditori di campane a Verona dal XI al XX secolo
=260  \\$c1979$aVerona
=300  \\$a134 pages
=336  \\$aprinted
=610  \0$aMuseo di Castelvecchio (Verona, Italy)$91282
=648  \0$aPast$1http://www.wikidata.org/entity/Q192630$922196
=648  \0$aMiddle Ages (500-1400)$1http://www.wikidata.org/entity/Q12554$920964
=648  \0$a20th Century (1901-2000)$1http://www.wikidata.org/entity/Q6927$920936
=650  \0$aBell$1http://www.wikidata.org/entity/Q101401$922519
=650  \0$aOrganology$1http://www.wikidata.org/entity/Q899293$921400
=651  \0$aVerona (Italy)$1http://www.wikidata.org/entity/Q2028$921086
=942  \\$cBOO
=952  \\$00$10$2ddc$40$6INS_10_000000000000000_3B_IT_VER$70$8INS$96554$aORPH$bORPH$cKTS0$d2020-07-08$eKoopman$i38C43$oINS10.3b IT.VER$p20120407$r2021-01-12 00:00:00$w2021-01-12$yBOO
=999  \\$d6555

