=LDR  02081cam a2200277 a 4500
=001  6558
=008  120112s2011\\\\be\agh\\\b\\\\001\0\fre\d
=041  \\$afre
=100  \\$aCeulemans, Anne-Emmanuelle$4aut$919045
=245  13$aDe la vièle médiévale au violon du XVIIe siècle.$bÉtude terminologique, iconographique et théorique
=260  \\$aTurnhout$bBrepols$c2011
=300  \\$a267 pages$billustrations (some color), music, facsimiles$c29 cm
=490  1\$aCollection "Epitome musical"
=504  \\$aIncludes bibliographical references (pages 235-252) and index.
=520  8\$aLa genèse du violon est à la fois complexe et controversée. Où l'instrument est-il apparu? Quelles sont ses caractéristiques constitutives? À l'heure actuelle, ces questions n'ont reçu aucune réponse définitive. L'ouvrage que voici a pour but de jeter un éclairage nouveau sur le problème. Il s'articule en trois chapitres. Le premier consiste en une étude terminologique, indispensable à l'interprétation des sources écrites. Le chapitre suivant retrace ce que l'on sait de l'évolution technique de la lutherie depuis le Moyen Âge jusqu'au début du xviie siècle. Le dernier chapitre est consacré aux écrits théoriques qui éclairent l'histoire ancienne du violon.
=648  \0$aMiddle Ages (500-1400)$1http://www.wikidata.org/entity/Q12554$920964
=648  \0$aRenaissance (1400-1600)$1http://www.wikidata.org/entity/Q4692$920965
=648  \0$a17th Century (1601-1700)$1http://www.wikidata.org/entity/Q7016$920923
=650  \0$aBowed string instrument$1http://www.wikidata.org/entity/Q192096$92398
=650  \0$aVielle$1http://www.wikidata.org/entity/Q843679$922318
=650  \0$aViolin$1http://www.wikidata.org/entity/Q8355$92783
=650  \0$aOrganology$1http://www.wikidata.org/entity/Q899293$921400
=650  \0$aIconography$1http://www.wikidata.org/entity/Q208145$921259
=942  \\$cBOO
=952  \\$00$10$2ddc$40$6INS_4_000000000000000_6A$70$8INS$96557$aORPH$bORPH$cKTS0$d2020-07-08$eKoopman$i43C24$oINS4.6a$p20127183$r2021-01-12 00:00:00$w2021-01-12$yBOO
=999  \\$d6558

