=LDR  00908    a2200205   4500
=001  6559
=008  221221s2007\\\\nl\f||||\||||\00|\0\dut\d
=020  \\$a9789057305122
=041  \\$adut
=245  \\$aBarok in het Noorderkwartier. Het Garrels-orgel van Purmerend
=260  \\$c2007$aZutphen$bWalburg pers
=300  \\$a263 pages
=610  \0$aSint-Nicolaaskerk (Purmerend, Netherlands)$1http://www.wikidata.org/entity/Q17439165$925509
=650  \0$aOrgan$1http://www.wikidata.org/entity/Q1444$92810
=650  \0$aOrganology$1http://www.wikidata.org/entity/Q899293$921400
=651  \0$aPurmerend (Netherlands)$1http://www.wikidata.org/entity/Q9954$925510
=700  \\$4edt$aVerhoef, Henk$914953
=942  \\$cBOO
=952  \\$00$10$2ddc$40$6INS_3_000000000000000_1E_NL_PUR$70$8INS$96558$aORPH$bORPH$cKTS0$d2020-07-08$eKoopman$i46C22$l0$oINS3.1e NL.PUR$p20127641$r2021-01-12 00:00:00$w2021-01-12$yBOO$OKoopman
=999  \\$d6559

