=LDR  00823pam a2200205 a 4500
=001  6560
=005  20250120115945.0
=008  861217s1987\\\\miua\\\\\b\\\\001\0\eng\\
=020  \\$a0835717704 (alk. paper)
=040  \\$aOI
=100  \\$aChafe, Eric Thomas,$d-1946$910176
=245  14$aThe church music of Heinrich Biber /$cby Eric Thomas Chafe.
=260  \\$aAnn Arbor, Mich. :$bUMI Research Press,$cc1987.
=300  \\$axi, 305 p. :$bill. ;$c29 cm.
=504  \\$aBibliography: p. [287]-298.
=600  \0$aBiber, Heinrich Ignaz Franz$d1644-1704$1http://www.wikidata.org/entity/Q153455$99605
=942  \\$cBOO
=952  \\$00$10$2ddc$40$6BIO_BIBE_E$70$8BIO$96559$aORPH$bORPH$cKTS1_P$d2020-07-08$eKoopman$i18B59$oBIO BIBE e$p20127711$r2021-01-12 00:00:00$w2021-01-12$yBOO$OKoopman
=999  \\$c6560$d6560
=490  \\$aStudies in musicology ;

