=LDR  01160aam a2200229   4500
=001  6561
=005  20250926134854.0
=008  230203i19711972|||g||||\||||\00|\0\fre\d
=041  \\$afre
=100  \\$aChailley, Jacques$d1911-1999$4aut$1http://www.wikidata.org/entity/Q1677932$915850
=245  \\$aL'Art de la fugue de J.-S. Bach :$bétude des sources, remise en ordre du plan, analyse de l'œuvre
=260  \\$aParis$bLeduc$c1971
=490  \\$aAu-delà des notes, collection d'explications de textes musicaux$v1
=600  \0$aBach, Johann Sebastian$d1685-1750$1http://www.wikidata.org/entity/Q1339$94766
=648  \0$a18th Century (1701-1800)$1http://www.wikidata.org/entity/Q7015$920899
=650  \0$aKunst der Fuge$1http://www.wikidata.org/entity/Q465878$923640
=650  \0$aFugue$1http://www.wikidata.org/entity/Q181014$93142
=650  \0$aMusical analysis$1http://www.wikidata.org/entity/Q1544924$92775
=651  \0$aGermany$1http://www.wikidata.org/entity/Q183$9155
=942  \\$cBOO
=952  \\$00$10$40$6BIO_BACH1_E$70$8BIO$96560$aORPH$bORPH$cKTS1_P$d2020-07-08$eKoopman$i29C25$oBIO BACH1 e$p20123460$r2021-01-12 00:00:00$w2021-01-12$yBOO$OKoopman
=999  \\$d6561

