=LDR  01159aam a2200217   4500
=001  6563
=008  250828s1988\\\\||||||||\||||\00|\0\eng\d
=020  \\$a0858236236
=041  \\$aeng
=100  \\$aNorth, Roger$d1651-1734$1http://www.wikidata.org/entity/Q354440$921443$4aut
=245  \\$aRoger North's The Musicall Grammarian and Theory of Sounds:$bDigests of the Manuscripts with an Analytical Index of 1726 and 1728 Theory of Sounds
=260  \\$aKensington, Australia$bUniversity of New South Wales, School of English$c1988
=490  \\$aNorth Papers$v3
=648  \0$a18th Century (1701-1800)$1http://www.wikidata.org/entity/Q7015$920899
=650  \0$aMusic theory$1http://www.wikidata.org/entity/Q193544$92662
=651  \0$aUnited Kingdom$1http://www.wikidata.org/entity/Q21$1http://www.wikidata.org/entity/Q145$9273
=700  \\$aChan, Mary$4edt$913015
=700  \\$aKassler, Jamie Croy$1http://www.wikidata.org/entity/Q105443787$4edt$913018
=942  \\$cBOO
=952  \\$00$10$2ddc$40$6BIO_NORT_CTRE_NORT$70$8BIO$96562$aORPH$bORPH$cKTS1_P$d2020-07-08$eKoopman$i23G02$l0$oBIO NORT c-->TRE NORT$p20125787$r2021-01-12 00:00:00$w2021-01-12$yBOO$OKoopman
=999  \\$d6563

