=LDR  00365    a2200109   4500
=001  6566
=100  \\$aChapman Van Cleef$910182
=245  \\$aGathering Horse Feathers
=260  \\$c1976
=942  \\$cBOO
=952  \\$00$10$2ddc$40$6BIO_VANC_A$70$8BIO$96565$aORPH$bORPH$cKTS1_P$d2020-07-08$eKoopman$i42G14$oBIO VANC a$p20120034$r2021-01-12 00:00:00$w2021-01-12$yBOO$OKoopman
=999  \\$c6566$d6566

