=LDR  01008aam a2200241   4500
=001  6567
=008  231027s1996\\\\||||||||\||||\00|\0bdut\d
=020  \\$a9789040098321
=041  \\$adut
=245  \\$aJan Steen:$bschilder en verteller
=260  \\$aZwolle$bWaanders$c1996
=300  \\$a272 pages
=600  10$aSteen, Jan$d1626-1679$1http://www.wikidata.org/entity/Q205863$926625
=648  \0$a17th Century (1601-1700)$1http://www.wikidata.org/entity/Q7016$920923
=650  \0$aPainter$1http://www.wikidata.org/entity/Q1028181$93914
=650  \0$aFine art$1http://www.wikidata.org/entity/Q219625$921579
=651  \0$aNetherlands$1http://www.wikidata.org/entity/Q55$9173
=700  \\$aChapman, H. Perry$d1954-$4aut$915467
=700  \\$aKloeck, Wouter Th.$4aut$926624
=700  \\$aWheelock, Arthur K.$4aut$912022
=942  \\$cBOO
=952  \\$00$10$2ddc$40$6BIO_STEE_D$70$8BIO$96566$aORPH$bORPH$cKTS1_P$d2020-07-08$eKoopman$i20G01$l0$oBIO STEE d$p20128187$r2021-01-12 00:00:00$w2021-01-12$yBOO$OKoopman
=999  \\$d6567

