=LDR  01035cam a2200241 a 4500
=001  6571
=005  20250120120543.0
=008  000104s1999\\\\gw\a\\\\\b\\\\000\0\engsd
=020  \\$a3775134182
=040  \\$aOI
=041  \\$aeng
=100  \\$aCharteris, Richard$4aut$910188
=245  10$aNewly Discovered Music Manuscripts from the Private Collection of Emil Bohn
=260  \\$as.l.$bAmerican Institute of Musicology$aHolzgerlingen$bHänssler$c1999
=300  \\$a337 pages$billustrations$c27 cm
=490  1\$aMusicological Studies & Documents$v53
=504  \\$aIncludes bibliographical references (p. 335-337) and indexes.
=600  \0$aBohn, Emil$d1839-1909$1http://www.wikidata.org/entity/Q5580813$923516
=610  \0$aStaatsbibliothek zu Berlin (Germany)$91572
=650  \0$aManuscript$1http://www.wikidata.org/entity/Q87167$92275
=942  \\$cBOO
=952  \\$00$10$2ddc$40$6BIB_4_000000000000000_DE_BER$70$8BIB$96570$aORPH$bORPH$cKTS0$d2020-07-08$eKoopman$i35C30$oBIB4 DE.BER$p20120724$r2021-01-12 00:00:00$w2021-01-12$yBOO
=999  \\$d6571

