=LDR  01340pam a2200265 a 4500
=001  6572
=005  20250120115935.0
=008  960305s1996\\\\nyua\\\\\bck\\000\0\eng\\
=020  \\$a0945193661
=040  \\$aOI
=041  0\$aeng$aita$alat
=100  \\$aCharteris, Richard$910188
=245  10$aGiovanni Gabrieli (ca. 1555-1612) :$ba thematic catalogue of his music with a guide to the source materials and translations of his vocal texts /$cby Richard Charteris.
=246  14$aGiovanni Gabrielli (ca. 1555-1612)
=260  \\$aStuyvesant, NY :$bPendragon Press,$cc1996.
=300  \\$axxvi, 597 p. :$bill. ;$c29 cm.
=504  \\$aIncludes discography (p. 442-467), bibliographical references (p. 489-580), and indexes.
=600  \0$aGabrieli, Giovanni$dc. 1554/57-1612$1http://www.wikidata.org/entity/Q34624$99172
=600  \0$aGabrieli, Giovanni$dc. 1554/57-1612$1http://www.wikidata.org/entity/Q34624$99172
=600  \0$aGabrieli, Giovanni$dc. 1554/57-1612$1http://www.wikidata.org/entity/Q34624$99172
=700  \2$aGabrieli, Giovanni$dc. 1554/57-1612$1http://www.wikidata.org/entity/Q34624$99172
=942  \\$cBOO
=952  \\$00$10$2ddc$40$6BIO_GABR1_C$70$8BIO$96571$aORPH$bORPH$cKTS1_P$d2020-07-08$eKoopman$i20A21$l0$oBIO GABR1 c$p20128035$r2021-01-12 00:00:00$w2021-01-12$yBOO$OKoopman
=999  \\$c6572$d6572
=490  \\$aThematic catalogues ;

