=LDR  00800pam a2200193 i 4500
=001  6573
=005  20250820142853.0
=008  770630s1977\\\\nyua\\\\\\\\\\001\0\eng\\
=020  \\$a0918728053 :$c$13.00
=040  \\$aOI
=100  \\$aCharteris, Richard$910188
=245  10$aJohn Coprario :$ba thematic catalogue of his music with a bibliographical introduction /$cby Richard Charteris.
=260  \\$aNew York :$bPendragon Press,$c1977.
=300  \\$ax, 113 p. :$bill. ;$c24 cm.
=600  \0$aCoperario, John$dc. 1570-1626$1http://www.wikidata.org/entity/Q676541$910193
=942  \\$cBOO
=952  \\$00$10$2ddc$40$6BIO_COPR_C$70$8BIO$96572$aORPH$bORPH$cKTS1_P$d2020-07-08$eKoopman$i32D09$l0$oBIO COPR c$p20123139$r2021-01-12 00:00:00$w2021-01-12$yBOO$OKoopman
=999  \\$c6573$d6573
=490  \\$aThematic catalogues ;

