=LDR  00797aam a2200181   4500
=001  6575
=008  250203s1949\\\\||||||||\||||\00|\p\fre\d
=041  \\$afrm
=100  \\$aChartier, Alain$dc. 1385-c. 1430$1http://www.wikidata.org/entity/Q982038$98388$4aut
=245  \\$aLa Belle dame sans mercy et les poésies lyriques
=260  \\$aLille$aGenève$bGiard$bDroz$c1949
=648  \0$aMiddle Ages (500-1400)$1http://www.wikidata.org/entity/Q12554$920964
=650  \0$aPoetry$1http://www.wikidata.org/entity/Q482$93026
=651  \0$aFrance$1http://www.wikidata.org/entity/Q142$9131
=700  \\$aPiaget, Arthur$4edt$939626
=942  \\$cBOO
=952  \\$00$10$2ddc$40$6LIT_A_CHAR$70$8LIT$96574$aORPH$bORPH$cKM12_2_H$d2020-07-08$eKoopman$i43D28$oLIT a CHAR$p20126502$r2021-01-12 00:00:00$w2021-01-12$yBOO
=999  \\$d6575

