=LDR  00776aam a2200181   4500
=001  6576
=008  230713s1981\\\\|||a||||\||||\00|\0\eng\d
=020  \\$a0714820954
=041  \\$aeng
=100  \\$aChâtelet, A.$910195$4aut
=245  \\$aEarly Dutch Painting$bPainting in the Northern Netherlands in the Fifteenth Century
=260  \\$aLondon$bPhaidon$c1981
=648  \0$1http://www.wikidata.org/entity/Q7018$a15th Century (1401-1500)$921015
=650  \0$1http://www.wikidata.org/entity/Q219625$aFine art$921579
=651  \0$1http://www.wikidata.org/entity/Q55$aNetherlands$9173
=942  \\$cBOO
=952  \\$00$10$2ddc$40$6TOP_NL_3_000000000000000$70$8TOP$96575$aORPH$bORPH$cKTS0$d2020-07-08$eKoopman$i18F05$l0$oTOP NL 3$p20127801$r2021-01-12 00:00:00$w2021-01-12$yBOO$OKoopman
=999  \\$d6576

